1638712586.036,13.758,13.758
1638712586.335,13.758,13.758
1638712586.638,13.758,13.758
1638712586.937,13.758,13.758
1638712587.236,13.758,13.758
1638712587.535,13.758,13.758
1638712587.838,67.929,13.758
1638712588.137,30.554,13.758
1638712588.436,13.758,13.758
1638712588.739,13.758,13.758
1638712589.038,13.758,13.758
1638712589.337,151.366,13.758
1638712589.64,48.748,13.758
1638712589.939,13.758,13.758
1638712590.239,13.758,13.758
1638712590.541,13.758,13.758
1638712590.84,13.758,13.758
1638712591.139,13.758,13.758
1638712591.438,13.758,13.758
1638712591.742,13.758,13.758
1638712592.041,13.758,13.758
1638712592.34,13.758,13.758
1638712592.643,13.758,13.758
1638712592.942,13.758,13.758
1638712593.241,13.758,13.758
1638712593.544,13.758,13.758
1638712593.843,13.758,13.758
1638712594.142,13.758,13.758
1638712594.445,13.758,13.758
1638712594.744,13.758,13.758
1638712595.043,30.554,13.758
1638712595.342,13.758,13.758
1638712595.645,13.758,13.758
1638712595.944,13.758,13.758
1638712596.243,13.758,13.758
1638712596.546,13.758,13.758
1638712596.845,13.758,13.758
1638712597.144,67.929,13.758
1638712597.447,108.502,13.758
1638712597.746,13.758,13.758
1638712598.045,13.758,13.758
1638712598.348,13.758,13.758
1638712598.647,30.554,13.758
1638712598.946,13.758,13.758
1638712599.245,13.758,13.758
1638712599.548,13.758,13.758
1638712599.847,30.554,13.758
1638712600.146,13.758,13.758
1638712600.449,13.758,13.758
1638712600.748,13.758,13.758
1638712601.047,13.758,13.758
1638712601.35,30.554,13.758
1638712601.65,13.758,13.758
1638712601.948,13.758,13.758
1638712602.248,13.758,13.758
1638712602.551,13.758,13.758
1638712602.85,13.758,13.758
1638712603.149,13.758,13.758
1638712603.451,30.554,13.758
1638712603.751,13.758,13.758
1638712604.05,13.758,13.758
1638712604.353,13.758,13.758
1638712604.652,13.758,13.758
1638712604.951,13.758,13.758
1638712605.254,13.758,13.758
1638712605.553,108.502,13.758
1638712605.852,151.366,13.758
1638712606.151,13.758,13.758
1638712606.454,13.758,13.758
1638712606.753,13.758,13.758
1638712607.052,13.758,13.758
1638712607.355,151.366,13.758
1638712607.654,13.758,30.554
1638712607.953,13.758,30.554
1638712608.256,13.758,30.554
1638712608.555,13.758,30.554
1638712608.854,13.758,13.758
1638712609.157,13.758,13.758
1638712609.456,13.758,13.758
1638712609.755,13.758,13.758
1638712610.054,13.758,13.758
1638712610.357,13.758,13.758
1638712610.656,13.758,13.758
1638712610.955,13.758,13.758
1638712611.258,13.758,13.758
1638712611.557,30.554,13.758
1638712611.856,30.554,13.758
1638712612.159,13.758,13.758
1638712612.458,30.554,13.758
1638712612.757,13.758,13.758
1638712613.06,13.758,13.758
1638712613.359,13.758,13.758
1638712613.658,108.502,13.758
1638712613.957,30.554,13.758
1638712614.261,196.066,13.758
1638712614.56,30.554,30.554
1638712614.859,13.758,30.554
1638712615.161,13.758,30.554
1638712615.46,13.758,30.554
1638712615.76,13.758,30.554
1638712616.063,30.554,30.554
1638712616.362,13.758,30.554
1638712616.661,13.758,30.554
1638712616.964,13.758,13.758
1638712617.263,13.758,13.758
1638712617.562,13.758,13.758
1638712617.861,13.758,13.758
1638712618.164,13.758,13.758
1638712618.463,13.758,13.758
1638712618.762,13.758,13.758
1638712619.065,13.758,13.758
1638712619.364,13.758,13.758
1638712619.663,13.758,13.758
1638712619.966,13.758,13.758
1638712620.265,30.554,13.758
1638712620.564,13.758,13.758
1638712620.867,30.554,13.758
1638712621.166,13.758,13.758
1638712621.465,13.758,13.758
1638712621.764,13.758,13.758
1638712622.067,48.748,13.758
1638712622.366,13.758,13.758
1638712622.665,13.758,13.758
1638712622.968,13.758,13.758
1638712623.267,13.758,13.758
1638712623.566,30.554,13.758
1638712623.869,30.554,13.758
1638712624.168,30.554,13.758
1638712624.467,13.758,13.758
1638712624.77,13.758,13.758
1638712625.069,13.758,13.758
1638712625.368,13.758,13.758
1638712625.667,13.758,13.758
1638712625.97,13.758,13.758
1638712626.27,13.758,13.758
1638712626.568,13.758,13.758
1638712626.871,13.758,13.758
1638712627.17,13.758,13.758
1638712627.47,13.758,13.758
1638712627.772,13.758,13.758
1638712628.072,30.554,13.758
1638712628.371,13.758,13.758
1638712628.674,13.758,13.758
1638712628.973,13.758,13.758
1638712629.272,13.758,13.758
1638712629.571,13.758,13.758
1638712629.874,13.758,13.758
1638712630.173,13.758,13.758
1638712630.472,108.502,13.758
1638712630.775,13.758,13.758
1638712631.074,13.758,13.758
1638712631.373,151.366,13.758
1638712631.676,13.758,13.758
1638712631.975,30.554,13.758
1638712632.274,13.758,13.758
1638712632.577,30.554,13.758
1638712632.876,13.758,30.554
1638712633.175,151.366,13.758
1638712633.474,13.758,30.554
1638712633.777,13.758,30.554
1638712634.076,13.758,30.554
1638712634.375,13.758,30.554
1638712634.678,13.758,13.758
1638712634.977,30.554,13.758
1638712635.276,13.758,13.758
1638712635.579,13.758,13.758
1638712635.878,13.758,13.758
1638712636.177,13.758,13.758
1638712636.476,13.758,13.758
1638712636.779,13.758,13.758
1638712637.078,13.758,13.758
1638712637.377,13.758,13.758
1638712637.68,13.758,13.758
1638712637.979,30.554,13.758
1638712638.278,13.758,13.758
1638712638.581,13.758,13.758
1638712638.88,13.758,13.758
1638712639.18,13.758,13.758
1638712639.482,13.758,13.758
1638712639.781,151.366,13.758
1638712640.081,151.366,13.758
1638712640.38,13.758,30.554
1638712640.683,30.554,30.554
1638712640.982,30.554,30.554
1638712641.281,151.366,30.554
1638712641.584,13.758,48.748
1638712641.883,13.758,48.748
1638712642.182,13.758,48.748
1638712642.485,13.758,48.748
1638712642.784,13.758,30.554
1638712643.083,13.758,30.554
1638712643.386,30.554,13.758
1638712643.685,13.758,13.758
1638712643.984,13.758,13.758
1638712644.283,13.758,13.758
1638712644.586,30.554,13.758
1638712644.885,13.758,13.758
1638712645.184,13.758,13.758
1638712645.487,13.758,13.758
1638712645.786,13.758,13.758
1638712646.085,13.758,13.758
1638712646.388,30.554,13.758
1638712646.687,30.554,13.758
1638712646.986,13.758,13.758
1638712647.289,30.554,13.758
1638712647.588,13.758,13.758
1638712647.887,13.758,13.758
1638712648.186,30.554,13.758
1638712648.489,13.758,13.758
1638712648.788,30.554,13.758
1638712649.087,13.758,13.758
1638712649.39,30.554,13.758
1638712649.689,13.758,13.758
1638712649.988,30.554,13.758
1638712650.291,13.758,13.758
1638712650.59,13.758,13.758
1638712650.889,13.758,13.758
1638712651.192,13.758,13.758
1638712651.491,13.758,13.758
1638712651.79,13.758,13.758
1638712652.09,30.554,13.758
1638712652.393,13.758,13.758
1638712652.692,13.758,13.758
1638712652.991,13.758,13.758
1638712653.293,13.758,13.758
1638712653.592,13.758,13.758
1638712653.891,13.758,13.758
1638712654.195,13.758,13.758
1638712654.494,13.758,13.758
1638712654.793,13.758,13.758
1638712655.096,30.554,13.758
1638712655.395,13.758,13.758
1638712655.694,30.554,13.758
1638712655.993,13.758,13.758
1638712656.296,13.758,13.758
1638712656.595,13.758,13.758
1638712656.894,30.554,13.758
1638712657.197,13.758,13.758
1638712657.496,13.758,13.758
1638712657.795,13.758,13.758
1638712658.098,13.758,13.758
1638712658.397,13.758,13.758
1638712658.696,13.758,13.758
1638712658.999,13.758,13.758
1638712659.298,13.758,13.758
1638712659.597,13.758,13.758
1638712659.896,13.758,13.758
1638712660.199,13.758,13.758
1638712660.498,13.758,13.758
1638712660.797,13.758,13.758
1638712661.1,13.758,13.758
1638712661.399,13.758,13.758
1638712661.698,13.758,13.758
1638712662.001,30.554,13.758
1638712662.3,30.554,13.758
1638712662.599,13.758,13.758
1638712662.902,13.758,13.758
1638712663.201,13.758,13.758
1638712663.5,13.758,13.758
1638712663.799,13.758,13.758
1638712664.102,30.554,13.758
1638712664.401,13.758,13.758
1638712664.701,13.758,13.758
1638712665.003,13.758,13.758
1638712665.303,13.758,13.758
1638712665.602,30.554,13.758
1638712665.904,13.758,13.758
1638712666.204,13.758,13.758
1638712666.503,13.758,13.758
1638712666.806,13.758,13.758
1638712667.105,13.758,13.758
1638712667.404,13.758,13.758
1638712667.703,30.554,13.758
1638712668.006,13.758,13.758
1638712668.305,13.758,13.758
1638712668.604,30.554,13.758
1638712668.907,13.758,13.758
1638712669.206,48.748,13.758
1638712669.505,13.758,13.758
1638712669.808,48.748,13.758
1638712670.107,13.758,13.758
1638712670.406,30.554,13.758
1638712670.705,13.758,13.758
1638712671.008,30.554,13.758
1638712671.307,13.758,13.758
1638712671.606,151.366,13.758
1638712671.909,13.758,30.554
1638712672.208,13.758,30.554
1638712672.507,13.758,13.758
1638712672.81,13.758,13.758
1638712673.109,13.758,13.758
1638712673.408,13.758,13.758
1638712673.711,30.554,13.758
1638712674.01,13.758,13.758
1638712674.309,13.758,13.758
1638712674.608,13.758,13.758
1638712674.911,13.758,13.758
1638712675.21,13.758,13.758
1638712675.509,13.758,13.758
1638712675.812,13.758,13.758
1638712676.111,13.758,13.758
1638712676.41,13.758,13.758
1638712676.713,30.554,13.758
1638712677.012,13.758,13.758
1638712677.311,13.758,13.758
1638712677.614,30.554,13.758
1638712677.913,13.758,13.758
1638712678.213,13.758,13.758
1638712678.512,13.758,13.758
1638712678.815,30.554,13.758
1638712679.116,13.758,13.758
1638712679.413,13.758,13.758
1638712679.716,30.554,13.758
1638712680.015,30.554,13.758
1638712680.314,13.758,13.758
1638712680.617,13.758,13.758
1638712680.916,13.758,13.758
1638712681.215,13.758,13.758
1638712681.518,13.758,13.758
1638712681.817,13.758,13.758
1638712682.116,13.758,13.758
1638712682.415,151.366,13.758
1638712682.718,30.554,13.758
1638712683.017,30.554,13.758
1638712683.316,13.758,13.758
1638712683.619,30.554,13.758
1638712683.918,13.758,13.758
1638712684.217,13.758,13.758
1638712684.52,13.758,13.758
1638712684.819,30.554,13.758
1638712685.118,13.758,13.758
1638712685.421,13.758,13.758
1638712685.72,13.758,13.758
1638712686.019,30.554,13.758
1638712686.318,13.758,13.758
1638712686.621,13.758,13.758
1638712686.92,13.758,13.758
1638712687.219,151.366,13.758
