1638712586.036,0.0,0.0
1638712586.335,0.0,1.0
1638712586.638,0.0,1.0
1638712586.937,0.0,1.0
1638712587.236,0.0,1.0
1638712587.535,0.0,0.0
1638712587.838,4.0,0.0
1638712588.137,2.0,1.0
1638712588.436,0.0,0.0
1638712588.739,1.0,0.0
1638712589.038,0.0,0.0
1638712589.337,8.0,0.0
1638712589.64,3.0,1.0
1638712589.939,0.0,1.0
1638712590.239,0.0,1.0
1638712590.541,0.0,1.0
1638712590.84,0.0,1.0
1638712591.139,0.0,1.0
1638712591.438,0.0,1.0
1638712591.742,0.0,1.0
1638712592.041,0.0,1.0
1638712592.34,0.0,1.0
1638712592.643,0.0,0.0
1638712592.942,0.0,0.0
1638712593.241,0.0,0.0
1638712593.544,0.0,0.0
1638712593.843,0.0,0.0
1638712594.142,0.0,0.0
1638712594.445,0.0,0.0
1638712594.744,0.0,0.0
1638712595.043,2.0,0.0
1638712595.342,0.0,0.0
1638712595.645,0.0,0.0
1638712595.944,1.0,0.0
1638712596.243,0.0,0.0
1638712596.546,1.0,0.0
1638712596.845,1.0,0.0
1638712597.144,4.0,0.0
1638712597.447,6.0,0.0
1638712597.746,1.0,1.0
1638712598.045,0.0,1.0
1638712598.348,1.0,1.0
1638712598.647,2.0,1.0
1638712598.946,0.0,1.0
1638712599.245,0.0,1.0
1638712599.548,0.0,1.0
1638712599.847,2.0,1.0
1638712600.146,0.0,1.0
1638712600.449,0.0,1.0
1638712600.748,0.0,0.0
1638712601.047,0.0,0.0
1638712601.35,2.0,0.0
1638712601.65,0.0,0.0
1638712601.948,0.0,0.0
1638712602.248,0.0,0.0
1638712602.551,0.0,0.0
1638712602.85,0.0,0.0
1638712603.149,0.0,0.0
1638712603.451,2.0,0.0
1638712603.751,0.0,0.0
1638712604.05,0.0,0.0
1638712604.353,1.0,0.0
1638712604.652,0.0,0.0
1638712604.951,0.0,0.0
1638712605.254,0.0,0.0
1638712605.553,6.0,0.0
1638712605.852,8.0,0.0
1638712606.151,0.0,1.0
1638712606.454,0.0,1.0
1638712606.753,0.0,1.0
1638712607.052,0.0,1.0
1638712607.355,8.0,1.0
1638712607.654,0.0,2.0
1638712607.953,0.0,2.0
1638712608.256,0.0,2.0
1638712608.555,0.0,2.0
1638712608.854,0.0,1.0
1638712609.157,0.0,0.0
1638712609.456,0.0,0.0
1638712609.755,0.0,0.0
1638712610.054,0.0,0.0
1638712610.357,0.0,0.0
1638712610.656,0.0,0.0
1638712610.955,0.0,0.0
1638712611.258,0.0,0.0
1638712611.557,2.0,0.0
1638712611.856,2.0,0.0
1638712612.159,0.0,0.0
1638712612.458,2.0,0.0
1638712612.757,0.0,0.0
1638712613.06,0.0,0.0
1638712613.359,0.0,0.0
1638712613.658,6.0,0.0
1638712613.957,2.0,1.0
1638712614.261,10.0,1.0
1638712614.56,2.0,2.0
1638712614.859,0.0,2.0
1638712615.161,1.0,2.0
1638712615.46,0.0,2.0
1638712615.76,0.0,2.0
1638712616.063,2.0,2.0
1638712616.362,0.0,2.0
1638712616.661,0.0,2.0
1638712616.964,0.0,1.0
1638712617.263,0.0,1.0
1638712617.562,0.0,0.0
1638712617.861,0.0,0.0
1638712618.164,1.0,0.0
1638712618.463,0.0,0.0
1638712618.762,0.0,0.0
1638712619.065,0.0,0.0
1638712619.364,0.0,0.0
1638712619.663,0.0,0.0
1638712619.966,0.0,0.0
1638712620.265,2.0,0.0
1638712620.564,0.0,0.0
1638712620.867,2.0,0.0
1638712621.166,0.0,0.0
1638712621.465,0.0,0.0
1638712621.764,0.0,0.0
1638712622.067,3.0,0.0
1638712622.366,0.0,0.0
1638712622.665,1.0,0.0
1638712622.968,1.0,0.0
1638712623.267,0.0,0.0
1638712623.566,2.0,0.0
1638712623.869,2.0,0.0
1638712624.168,2.0,0.0
1638712624.467,0.0,1.0
1638712624.77,0.0,1.0
1638712625.069,0.0,1.0
1638712625.368,0.0,0.0
1638712625.667,0.0,0.0
1638712625.97,0.0,0.0
1638712626.27,0.0,0.0
1638712626.568,0.0,0.0
1638712626.871,0.0,0.0
1638712627.17,0.0,0.0
1638712627.47,0.0,0.0
1638712627.772,0.0,0.0
1638712628.072,2.0,0.0
1638712628.371,0.0,0.0
1638712628.674,0.0,0.0
1638712628.973,0.0,0.0
1638712629.272,0.0,0.0
1638712629.571,0.0,0.0
1638712629.874,1.0,0.0
1638712630.173,0.0,0.0
1638712630.472,6.0,0.0
1638712630.775,1.0,0.0
1638712631.074,0.0,1.0
1638712631.373,8.0,0.0
1638712631.676,0.0,1.0
1638712631.975,2.0,1.0
1638712632.274,0.0,1.0
1638712632.577,2.0,1.0
1638712632.876,0.0,2.0
1638712633.175,8.0,1.0
1638712633.474,0.0,2.0
1638712633.777,0.0,2.0
1638712634.076,0.0,2.0
1638712634.375,0.0,2.0
1638712634.678,0.0,1.0
1638712634.977,2.0,1.0
1638712635.276,0.0,1.0
1638712635.579,0.0,1.0
1638712635.878,0.0,1.0
1638712636.177,0.0,1.0
1638712636.476,0.0,0.0
1638712636.779,0.0,0.0
1638712637.078,0.0,0.0
1638712637.377,0.0,0.0
1638712637.68,0.0,0.0
1638712637.979,2.0,0.0
1638712638.278,0.0,0.0
1638712638.581,0.0,0.0
1638712638.88,0.0,0.0
1638712639.18,1.0,0.0
1638712639.482,1.0,0.0
1638712639.781,8.0,0.0
1638712640.081,8.0,1.0
1638712640.38,0.0,2.0
1638712640.683,2.0,2.0
1638712640.982,2.0,2.0
1638712641.281,8.0,2.0
1638712641.584,0.0,3.0
1638712641.883,1.0,3.0
1638712642.182,0.0,3.0
1638712642.485,0.0,3.0
1638712642.784,0.0,2.0
1638712643.083,0.0,2.0
1638712643.386,2.0,1.0
1638712643.685,0.0,1.0
1638712643.984,0.0,1.0
1638712644.283,0.0,1.0
1638712644.586,2.0,0.0
1638712644.885,1.0,0.0
1638712645.184,0.0,0.0
1638712645.487,0.0,0.0
1638712645.786,0.0,0.0
1638712646.085,0.0,0.0
1638712646.388,2.0,0.0
1638712646.687,2.0,0.0
1638712646.986,0.0,0.0
1638712647.289,2.0,0.0
1638712647.588,1.0,0.0
1638712647.887,0.0,0.0
1638712648.186,2.0,0.0
1638712648.489,0.0,0.0
1638712648.788,2.0,0.0
1638712649.087,1.0,1.0
1638712649.39,2.0,1.0
1638712649.689,0.0,1.0
1638712649.988,2.0,1.0
1638712650.291,0.0,1.0
1638712650.59,1.0,1.0
1638712650.889,0.0,1.0
1638712651.192,0.0,1.0
1638712651.491,0.0,0.0
1638712651.79,1.0,0.0
1638712652.09,2.0,0.0
1638712652.393,0.0,0.0
1638712652.692,0.0,0.0
1638712652.991,0.0,0.0
1638712653.293,0.0,0.0
1638712653.592,0.0,0.0
1638712653.891,0.0,0.0
1638712654.195,0.0,0.0
1638712654.494,0.0,0.0
1638712654.793,1.0,0.0
1638712655.096,2.0,0.0
1638712655.395,0.0,0.0
1638712655.694,2.0,0.0
1638712655.993,0.0,0.0
1638712656.296,0.0,0.0
1638712656.595,1.0,0.0
1638712656.894,2.0,0.0
1638712657.197,0.0,0.0
1638712657.496,0.0,0.0
1638712657.795,0.0,0.0
1638712658.098,0.0,0.0
1638712658.397,0.0,0.0
1638712658.696,1.0,0.0
1638712658.999,1.0,0.0
1638712659.298,0.0,0.0
1638712659.597,1.0,0.0
1638712659.896,0.0,0.0
1638712660.199,0.0,0.0
1638712660.498,0.0,0.0
1638712660.797,0.0,0.0
1638712661.1,0.0,0.0
1638712661.399,0.0,0.0
1638712661.698,0.0,0.0
1638712662.001,2.0,0.0
1638712662.3,2.0,0.0
1638712662.599,0.0,0.0
1638712662.902,0.0,0.0
1638712663.201,0.0,0.0
1638712663.5,0.0,0.0
1638712663.799,0.0,0.0
1638712664.102,2.0,0.0
1638712664.401,0.0,0.0
1638712664.701,0.0,0.0
1638712665.003,0.0,0.0
1638712665.303,0.0,0.0
1638712665.602,2.0,0.0
1638712665.904,0.0,0.0
1638712666.204,1.0,0.0
1638712666.503,0.0,0.0
1638712666.806,0.0,0.0
1638712667.105,0.0,0.0
1638712667.404,0.0,0.0
1638712667.703,2.0,0.0
1638712668.006,0.0,0.0
1638712668.305,0.0,0.0
1638712668.604,2.0,0.0
1638712668.907,0.0,0.0
1638712669.206,3.0,0.0
1638712669.505,1.0,0.0
1638712669.808,3.0,0.0
1638712670.107,1.0,1.0
1638712670.406,2.0,1.0
1638712670.705,0.0,1.0
1638712671.008,2.0,1.0
1638712671.307,0.0,1.0
1638712671.606,8.0,1.0
1638712671.909,0.0,2.0
1638712672.208,1.0,2.0
1638712672.507,0.0,1.0
1638712672.81,0.0,1.0
1638712673.109,0.0,1.0
1638712673.408,1.0,1.0
1638712673.711,2.0,1.0
1638712674.01,0.0,1.0
1638712674.309,0.0,1.0
1638712674.608,0.0,1.0
1638712674.911,0.0,0.0
1638712675.21,0.0,0.0
1638712675.509,0.0,0.0
1638712675.812,0.0,0.0
1638712676.111,0.0,0.0
1638712676.41,0.0,0.0
1638712676.713,2.0,0.0
1638712677.012,0.0,0.0
1638712677.311,0.0,0.0
1638712677.614,2.0,0.0
1638712677.913,0.0,0.0
1638712678.213,0.0,0.0
1638712678.512,0.0,0.0
1638712678.815,2.0,0.0
1638712679.116,0.0,0.0
1638712679.413,0.0,0.0
1638712679.716,2.0,0.0
1638712680.015,2.0,0.0
1638712680.314,0.0,0.0
1638712680.617,0.0,0.0
1638712680.916,1.0,0.0
1638712681.215,0.0,0.0
1638712681.518,0.0,0.0
1638712681.817,0.0,0.0
1638712682.116,1.0,0.0
1638712682.415,8.0,0.0
1638712682.718,2.0,1.0
1638712683.017,2.0,1.0
1638712683.316,0.0,1.0
1638712683.619,2.0,1.0
1638712683.918,0.0,1.0
1638712684.217,0.0,1.0
1638712684.52,0.0,1.0
1638712684.819,2.0,1.0
1638712685.118,0.0,1.0
1638712685.421,0.0,1.0
1638712685.72,0.0,0.0
1638712686.019,2.0,0.0
1638712686.318,0.0,0.0
1638712686.621,0.0,0.0
1638712686.92,1.0,0.0
1638712687.219,8.0,0.0
1638712687.522,0.0,1.0
1638712687.821,2.0,1.0
1638712688.12,0.0,1.0
1638712688.423,0.0,1.0
1638712688.722,2.0,1.0
1638712689.021,0.0,1.0
1638712689.324,0.0,1.0
1638712689.623,0.0,1.0
1638712689.922,0.0,1.0
1638712690.222,2.0,1.0
1638712690.524,1.0,0.0
1638712690.824,0.0,0.0
1638712691.123,2.0,0.0
1638712691.425,8.0,0.0
1638712691.725,0.0,1.0
1638712692.024,2.0,1.0
1638712692.327,1.0,1.0
1638712692.626,2.0,1.0
1638712692.925,0.0,1.0
1638712693.228,0.0,1.0
1638712693.527,2.0,1.0
1638712693.826,0.0,1.0
1638712694.125,0.0,1.0
1638712694.428,0.0,1.0
1638712694.727,0.0,0.0
1638712695.026,8.0,0.0
1638712695.329,0.0,1.0
1638712695.628,0.0,1.0
1638712695.927,2.0,1.0
1638712696.23,0.0,1.0
1638712696.529,0.0,1.0
1638712696.828,0.0,1.0
1638712697.131,0.0,1.0
1638712697.43,0.0,1.0
1638712697.729,0.0,1.0
1638712698.028,0.0,1.0
1638712698.331,2.0,0.0
1638712698.63,0.0,0.0
1638712698.929,2.0,0.0
1638712699.232,0.0,0.0
1638712699.531,0.0,0.0
1638712699.83,0.0,0.0
1638712700.133,0.0,0.0
1638712700.432,1.0,0.0
1638712700.731,0.0,0.0
1638712701.034,2.0,0.0
1638712701.333,0.0,0.0
1638712701.632,1.0,0.0
1638712701.931,2.0,0.0
1638712702.234,4.0,0.0
1638712702.533,0.0,1.0
1638712702.833,0.0,1.0
1638712703.136,3.0,1.0
1638712703.434,0.0,1.0
1638712703.733,1.0,1.0
1638712704.037,2.0,1.0
1638712704.336,2.0,1.0
1638712704.635,0.0,1.0
1638712704.934,0.0,1.0
1638712705.237,0.0,1.0
1638712705.536,0.0,0.0
1638712705.835,0.0,0.0
1638712706.138,0.0,0.0
1638712706.437,0.0,0.0
1638712706.736,0.0,0.0
1638712707.039,0.0,0.0
1638712707.338,0.0,0.0
1638712707.637,0.0,0.0
1638712707.94,0.0,0.0
1638712708.239,0.0,0.0
1638712708.538,0.0,0.0
1638712708.837,0.0,0.0
1638712709.14,2.0,0.0
1638712709.439,0.0,0.0
1638712709.738,0.0,0.0
1638712710.041,0.0,0.0
1638712710.34,0.0,0.0
1638712710.639,0.0,0.0
1638712710.942,2.0,0.0
1638712711.241,2.0,0.0
1638712711.54,0.0,0.0
1638712711.843,0.0,0.0
1638712712.142,0.0,0.0
1638712712.441,1.0,0.0
1638712712.74,1.0,0.0
1638712713.043,1.0,0.0
1638712713.342,1.0,0.0
1638712713.641,1.0,0.0
1638712713.944,1.0,0.0
1638712714.243,8.0,0.0
1638712714.542,1.0,1.0
1638712714.845,0.0,1.0
1638712715.144,0.0,1.0
1638712715.443,0.0,1.0
1638712715.746,0.0,1.0
1638712716.045,0.0,1.0
1638712716.344,2.0,1.0
1638712716.644,0.0,1.0
1638712716.947,0.0,1.0
1638712717.246,0.0,1.0
1638712717.545,0.0,0.0
1638712717.847,0.0,0.0
1638712718.15,0.0,0.0
1638712718.446,0.0,0.0
1638712718.749,1.0,0.0
1638712719.048,0.0,0.0
1638712719.35,2.0,0.0
1638712719.65,2.0,0.0
1638712719.949,2.0,0.0
1638712720.248,0.0,0.0
1638712720.547,0.0,0.0
1638712720.85,0.0,0.0
1638712721.149,0.0,0.0
1638712721.448,0.0,0.0
1638712721.751,0.0,0.0
1638712722.05,2.0,0.0
1638712722.353,10.0,0.0
1638712722.652,1.0,1.0
1638712722.951,0.0,1.0
1638712723.25,6.0,1.0
1638712723.553,8.0,1.0
1638712723.852,0.0,2.0
1638712724.151,2.0,2.0
1638712724.45,0.0,2.0
1638712724.753,0.0,2.0
1638712725.052,2.0,2.0
1638712725.351,1.0,2.0
1638712725.654,0.0,2.0
1638712725.953,8.0,1.0
1638712726.252,0.0,2.0
1638712726.555,2.0,2.0
1638712726.854,0.0,1.0
1638712727.153,2.0,1.0
1638712727.456,1.0,1.0
1638712727.755,0.0,1.0
1638712728.054,2.0,1.0
1638712728.354,0.0,1.0
1638712728.656,0.0,1.0
1638712728.956,0.0,1.0
1638712729.255,2.0,0.0
1638712729.558,0.0,0.0
1638712729.857,2.0,0.0
1638712730.156,0.0,0.0
1638712730.459,2.0,0.0
1638712730.758,0.0,0.0
1638712731.057,0.0,0.0
1638712731.36,0.0,0.0
1638712731.659,2.0,0.0
1638712731.958,0.0,0.0
1638712732.257,2.0,0.0
1638712732.56,0.0,0.0
1638712732.859,2.0,0.0
1638712733.158,0.0,0.0
1638712733.461,2.0,0.0
1638712733.76,0.0,0.0
1638712734.059,1.0,0.0
1638712734.362,2.0,0.0
1638712734.661,0.0,1.0
1638712734.96,8.0,0.0
1638712735.259,2.0,1.0
1638712735.562,0.0,1.0
1638712735.861,0.0,1.0
1638712736.16,4.0,1.0
1638712736.463,0.0,1.0
1638712736.762,2.0,1.0
1638712737.061,0.0,1.0
1638712737.364,0.0,1.0
1638712737.663,2.0,1.0
1638712737.962,0.0,1.0
1638712738.265,2.0,1.0
1638712738.564,0.0,1.0
1638712738.863,0.0,1.0
1638712739.162,0.0,1.0
1638712739.465,0.0,0.0
1638712739.764,0.0,0.0
1638712740.063,0.0,0.0
1638712740.366,0.0,0.0
1638712740.665,2.0,0.0
1638712740.965,0.0,0.0
1638712741.267,0.0,0.0
1638712741.566,0.0,0.0
1638712741.866,0.0,0.0
1638712742.169,0.0,0.0
1638712742.468,0.0,0.0
1638712742.767,0.0,0.0
1638712743.066,0.0,0.0
1638712743.369,0.0,0.0
1638712743.668,0.0,0.0
1638712743.967,0.0,0.0
1638712744.27,2.0,0.0
1638712744.569,2.0,0.0
1638712744.868,0.0,0.0
1638712745.171,0.0,0.0
1638712745.47,0.0,0.0
1638712745.769,0.0,0.0
1638712746.072,0.0,0.0
1638712746.371,0.0,0.0
1638712746.67,0.0,0.0
1638712746.969,2.0,0.0
1638712747.272,2.0,0.0
1638712747.571,2.0,0.0
1638712747.87,0.0,0.0
1638712748.173,4.0,0.0
1638712748.472,0.0,1.0
1638712748.771,2.0,1.0
1638712749.074,2.0,1.0
1638712749.373,2.0,1.0
1638712749.672,3.0,1.0
1638712749.975,2.0,1.0
1638712750.274,2.0,1.0
1638712750.573,8.0,1.0
1638712750.872,0.0,2.0
1638712751.175,1.0,2.0
1638712751.474,1.0,2.0
1638712751.773,0.0,2.0
1638712752.105,2.0,2.0
1638712752.375,0.0,2.0
1638712752.674,0.0,1.0
1638712752.977,0.0,1.0
1638712753.277,0.0,1.0
1638712753.575,2.0,1.0
1638712753.878,0.0,0.0
1638712754.178,0.0,0.0
1638712754.477,0.0,0.0
1638712754.776,0.0,0.0
1638712755.078,0.0,0.0
1638712755.414,0.0,0.0
1638712755.677,0.0,0.0
1638712755.98,1.0,0.0
1638712756.279,0.0,0.0
1638712756.578,0.0,0.0
1638712756.881,6.0,0.0
1638712757.18,1.0,0.0
1638712757.479,0.0,0.0
1638712757.782,0.0,0.0
1638712758.081,0.0,0.0
1638712758.38,0.0,0.0
1638712758.679,0.0,0.0
1638712758.982,0.0,0.0
1638712759.281,0.0,0.0
1638712759.58,0.0,0.0
1638712759.883,0.0,0.0
1638712760.182,2.0,0.0
1638712760.481,0.0,0.0
1638712760.784,2.0,0.0
1638712761.083,0.0,0.0
1638712761.382,2.0,0.0
1638712761.685,0.0,0.0
1638712761.984,8.0,0.0
1638712762.283,8.0,1.0
1638712762.582,2.0,2.0
1638712762.885,0.0,2.0
1638712763.184,8.0,2.0
1638712763.483,0.0,3.0
1638712763.786,0.0,3.0
1638712764.085,0.0,2.0
1638712764.384,2.0,2.0
1638712764.687,2.0,2.0
1638712764.986,0.0,3.0
1638712765.29,0.0,2.0
1638712765.617,0.0,1.0
1638712765.887,0.0,1.0
1638712766.186,0.0,1.0
1638712766.494,0.0,0.0
1638712766.821,0.0,0.0
1638712767.087,0.0,0.0
1638712767.387,0.0,0.0
1638712767.694,0.0,0.0
1638712768.022,0.0,0.0
1638712768.288,0.0,0.0
1638712768.591,0.0,0.0
1638712768.898,0.0,0.0
1638712769.225,0.0,0.0
1638712769.488,0.0,0.0
1638712769.791,0.0,0.0
1638712770.098,0.0,0.0
1638712770.426,0.0,0.0
1638712770.692,0.0,0.0
1638712770.991,0.0,0.0
1638712771.302,0.0,0.0
1638712771.631,0.0,0.0
1638712771.892,0.0,0.0
1638712772.191,0.0,0.0
1638712772.502,0.0,0.0
1638712772.793,2.0,0.0
1638712773.092,0.0,0.0
1638712773.391,0.0,0.0
1638712773.706,1.0,0.0
1638712773.993,0.0,0.0
1638712774.292,0.0,0.0
1638712774.595,0.0,0.0
1638712774.911,0.0,0.0
1638712775.193,0.0,0.0
1638712775.496,0.0,0.0
1638712775.795,0.0,0.0
1638712776.111,0.0,0.0
1638712776.397,0.0,0.0
1638712776.696,0.0,0.0
1638712776.995,0.0,0.0
1638712777.315,0.0,0.0
1638712777.597,0.0,0.0
1638712777.896,0.0,0.0
1638712778.196,0.0,0.0
1638712778.519,0.0,0.0
1638712778.797,0.0,0.0
1638712779.097,0.0,0.0
1638712779.4,0.0,0.0
1638712779.719,0.0,0.0
1638712779.998,0.0,0.0
1638712780.301,0.0,0.0
1638712780.6,0.0,0.0
1638712780.923,0.0,0.0
1638712781.198,0.0,0.0
1638712781.501,0.0,0.0
1638712781.8,0.0,0.0
1638712782.123,0.0,0.0
1638712782.402,0.0,0.0
1638712782.701,0.0,0.0
1638712783.0,0.0,0.0
1638712783.327,2.0,0.0
1638712783.602,0.0,0.0
1638712783.901,0.0,0.0
1638712784.204,0.0,0.0
1638712784.532,1.0,0.0
1638712784.802,0.0,0.0
1638712785.101,1.0,0.0
1638712785.404,0.0,0.0
1638712785.732,0.0,0.0
1638712786.002,0.0,0.0
1638712786.305,0.0,0.0
1638712786.608,0.0,0.0
1638712786.936,1.0,0.0
1638712787.206,0.0,0.0
1638712787.505,0.0,0.0
1638712787.808,0.0,0.0
1638712788.136,0.0,0.0
1638712788.406,0.0,0.0
1638712788.705,0.0,0.0
1638712789.012,0.0,0.0
1638712789.34,0.0,0.0
1638712789.606,0.0,0.0
1638712789.905,0.0,0.0
1638712790.213,0.0,0.0
1638712790.54,0.0,0.0
1638712790.806,0.0,0.0
1638712791.109,0.0,0.0
1638712791.417,0.0,0.0
1638712791.744,0.0,0.0
1638712792.007,0.0,0.0
1638712792.31,0.0,0.0
1638712792.609,0.0,0.0
1638712792.908,0.0,0.0
1638712793.211,0.0,0.0
1638712793.51,0.0,0.0
1638712793.809,0.0,0.0
1638712794.112,1.0,0.0
1638712794.411,0.0,0.0
1638712794.71,0.0,0.0
1638712795.013,0.0,0.0
1638712795.312,0.0,0.0
1638712795.611,0.0,0.0
1638712795.91,0.0,0.0
1638712796.213,0.0,0.0
1638712796.512,0.0,0.0
1638712796.811,0.0,0.0
1638712797.114,0.0,0.0
1638712797.413,0.0,0.0
1638712797.712,1.0,0.0
1638712798.015,0.0,0.0
1638712798.314,0.0,0.0
1638712798.613,0.0,0.0
1638712798.916,2.0,0.0
1638712799.215,0.0,0.0
1638712799.514,0.0,0.0
1638712799.813,0.0,0.0
1638712800.116,0.0,0.0
1638712800.415,0.0,0.0
1638712800.714,0.0,0.0
1638712801.017,0.0,0.0
1638712801.316,1.0,0.0
1638712801.615,1.0,0.0
1638712801.918,0.0,0.0
1638712802.217,0.0,0.0
1638712802.516,0.0,0.0
1638712802.819,1.0,0.0
1638712803.118,0.0,0.0
1638712803.417,0.0,0.0
1638712803.717,3.0,0.0
1638712804.02,0.0,0.0
1638712804.318,0.0,0.0
1638712804.618,0.0,0.0
1638712804.92,0.0,0.0
1638712805.22,4.0,0.0
1638712805.519,0.0,0.0
1638712805.822,0.0,0.0
1638712806.121,0.0,0.0
1638712806.42,0.0,0.0
1638712806.723,3.0,0.0
1638712807.022,0.0,0.0
1638712807.321,1.0,0.0
1638712807.62,0.0,0.0
1638712807.923,0.0,0.0
1638712808.222,0.0,0.0
1638712808.521,0.0,0.0
1638712808.824,5.0,0.0
1638712809.123,0.0,0.0
1638712809.422,0.0,0.0
1638712809.725,0.0,0.0
1638712810.024,0.0,0.0
1638712810.323,1.0,0.0
1638712810.626,2.0,0.0
1638712810.925,0.0,0.0
1638712811.224,0.0,0.0
1638712811.523,0.0,0.0
1638712811.826,0.0,0.0
1638712812.125,0.0,0.0
1638712812.424,0.0,0.0
1638712812.727,0.0,0.0
1638712813.026,1.0,0.0
1638712813.325,2.0,0.0
1638712813.628,2.0,0.0
1638712813.927,0.0,0.0
1638712814.226,0.0,0.0
1638712814.529,0.0,0.0
1638712814.828,0.0,0.0
1638712815.127,1.0,0.0
1638712815.426,0.0,0.0
1638712815.729,2.0,0.0
1638712816.028,2.0,0.0
1638712816.328,0.0,0.0
1638712816.63,0.0,0.0
1638712816.929,0.0,0.0
1638712817.229,0.0,0.0
1638712817.531,1.0,0.0
1638712817.831,0.0,0.0
1638712818.13,2.0,0.0
1638712818.429,2.0,0.0
1638712818.732,0.0,0.0
1638712819.031,0.0,0.0
1638712819.33,0.0,0.0
1638712819.633,0.0,0.0
1638712819.932,0.0,0.0
1638712820.231,0.0,0.0
1638712820.534,0.0,0.0
1638712820.833,2.0,0.0
1638712821.132,0.0,0.0
1638712821.435,0.0,0.0
1638712821.734,0.0,0.0
1638712822.033,0.0,0.0
1638712822.344,0.0,0.0
1638712822.934,0.0,0.0
1638712823.233,0.0,0.0
1638712823.544,0.0,0.0
1638712823.835,0.0,0.0
1638712824.134,0.0,0.0
1638712824.437,0.0,0.0
1638712824.748,0.0,0.0
1638712825.035,0.0,0.0
1638712825.338,0.0,0.0
1638712825.637,0.0,0.0
1638712825.949,0.0,0.0
1638712826.235,0.0,0.0
1638712826.538,0.0,0.0
1638712826.837,0.0,0.0
1638712827.153,0.0,0.0
1638712827.439,0.0,0.0
1638712827.739,0.0,0.0
1638712828.037,0.0,0.0
1638712828.353,0.0,0.0
1638712828.639,0.0,0.0
1638712828.938,0.0,0.0
1638712829.241,0.0,0.0
1638712829.557,0.0,0.0
1638712829.84,0.0,0.0
1638712830.139,0.0,0.0
1638712830.442,0.0,0.0
1638712830.761,0.0,0.0
1638712831.04,0.0,0.0
1638712831.343,0.0,0.0
1638712831.642,0.0,0.0
1638712831.961,0.0,0.0
1638712832.244,0.0,0.0
1638712832.543,1.0,0.0
1638712832.842,0.0,0.0
1638712833.165,0.0,0.0
1638712833.444,0.0,0.0
1638712833.743,3.0,0.0
1638712834.042,0.0,0.0
1638712834.369,0.0,0.0
1638712834.644,3.0,0.0
1638712834.943,1.0,0.0
1638712835.246,0.0,0.0
1638712835.57,0.0,0.0
1638712835.844,0.0,0.0
1638712836.147,0.0,0.0
1638712836.446,1.0,0.0
1638712836.774,1.0,0.0
1638712837.048,0.0,0.0
1638712837.347,0.0,0.0
1638712837.646,0.0,0.0
1638712837.974,1.0,0.0
1638712838.248,0.0,0.0
1638712838.547,0.0,0.0
1638712838.85,0.0,0.0
1638712839.178,0.0,0.0
1638712839.448,0.0,0.0
1638712839.747,0.0,0.0
1638712840.05,1.0,0.0
1638712840.378,0.0,0.0
1638712840.648,0.0,0.0
1638712840.951,0.0,0.0
1638712841.254,0.0,0.0
1638712841.582,0.0,0.0
1638712841.849,0.0,0.0
1638712842.151,0.0,0.0
1638712842.455,0.0,0.0
1638712842.79,0.0,0.0
1638712843.052,0.0,0.0
1638712843.352,0.0,0.0
1638712843.659,0.0,0.0
1638712843.986,0.0,0.0
1638712844.253,0.0,0.0
1638712844.552,0.0,0.0
1638712844.863,0.0,0.0
1638712845.191,0.0,0.0
1638712845.453,0.0,0.0
1638712845.752,0.0,0.0
1638712846.063,0.0,0.0
1638712846.391,0.0,0.0
1638712846.653,0.0,0.0
1638712846.956,0.0,0.0
1638712847.267,0.0,0.0
1638712847.554,0.0,0.0
1638712847.857,0.0,0.0
1638712848.156,0.0,0.0
1638712848.467,0.0,0.0
1638712848.754,0.0,0.0
1638712849.057,1.0,0.0
1638712849.356,0.0,0.0
1638712849.671,0.0,0.0
1638712849.958,0.0,0.0
1638712850.257,0.0,0.0
1638712850.556,0.0,0.0
1638712850.876,1.0,0.0
1638712851.158,0.0,0.0
1638712851.457,0.0,0.0
1638712851.76,0.0,0.0
1638712852.076,0.0,0.0
1638712852.358,0.0,0.0
1638712852.657,0.0,0.0
1638712852.96,0.0,0.0
1638712853.259,0.0,0.0
1638712853.558,0.0,0.0
1638712853.861,0.0,0.0
1638712854.16,0.0,0.0
1638712854.46,0.0,0.0
1638712854.762,2.0,0.0
1638712855.061,0.0,0.0
1638712855.36,0.0,0.0
1638712855.664,0.0,0.0
1638712855.963,0.0,0.0
1638712856.262,0.0,0.0
1638712856.561,0.0,0.0
1638712856.864,0.0,0.0
1638712857.163,2.0,0.0
1638712857.462,2.0,0.0
1638712857.765,2.0,0.0
1638712858.064,0.0,0.0
1638712858.363,1.0,0.0
1638712858.666,0.0,0.0
1638712858.965,0.0,0.0
1638712859.264,2.0,0.0
1638712859.567,0.0,0.0
1638712859.866,0.0,0.0
1638712860.165,0.0,0.0
1638712860.464,2.0,0.0
1638712860.767,0.0,0.0
1638712861.066,0.0,0.0
1638712861.365,0.0,0.0
1638712861.668,2.0,0.0
1638712861.967,1.0,0.0
1638712862.266,0.0,0.0
1638712862.569,0.0,0.0
1638712862.868,0.0,0.0
1638712863.167,0.0,0.0
1638712863.47,0.0,0.0
1638712863.769,0.0,0.0
1638712864.068,2.0,0.0
1638712864.367,0.0,0.0
1638712864.67,0.0,0.0
1638712864.969,0.0,0.0
1638712865.268,2.0,0.0
1638712865.571,0.0,0.0
1638712865.87,0.0,0.0
1638712866.17,0.0,0.0
1638712866.472,0.0,0.0
1638712866.771,1.0,0.0
1638712867.07,0.0,0.0
1638712867.373,0.0,0.0
1638712867.672,0.0,0.0
1638712867.972,0.0,0.0
1638712868.271,0.0,0.0
1638712868.573,0.0,0.0
1638712868.873,0.0,0.0
1638712869.172,0.0,0.0
1638712869.475,0.0,0.0
1638712869.774,0.0,0.0
1638712870.073,0.0,0.0
1638712870.376,0.0,0.0
1638712870.675,0.0,0.0
1638712870.974,0.0,0.0
1638712871.277,0.0,0.0
1638712871.576,0.0,0.0
1638712871.875,0.0,0.0
1638712872.174,2.0,0.0
1638712872.477,0.0,0.0
1638712872.776,0.0,0.0
1638712873.075,0.0,0.0
1638712873.378,0.0,0.0
1638712873.677,0.0,0.0
1638712873.976,0.0,0.0
1638712874.279,0.0,0.0
1638712874.578,2.0,0.0
1638712874.877,0.0,0.0
1638712875.176,0.0,0.0
1638712875.479,2.0,0.0
1638712875.778,0.0,0.0
1638712876.077,0.0,0.0
1638712876.38,0.0,0.0
1638712876.679,0.0,0.0
1638712876.978,0.0,0.0
1638712877.281,0.0,0.0
1638712877.58,0.0,0.0
1638712877.879,0.0,0.0
1638712878.182,0.0,0.0
1638712878.481,2.0,0.0
1638712878.78,0.0,0.0
1638712879.08,0.0,0.0
1638712879.382,0.0,0.0
1638712879.681,0.0,0.0
1638712879.981,0.0,0.0
1638712880.283,0.0,0.0
1638712880.583,0.0,0.0
1638712880.882,0.0,0.0
1638712881.184,0.0,0.0
1638712881.484,0.0,0.0
1638712881.783,0.0,0.0
1638712882.086,2.0,0.0
1638712882.385,0.0,0.0
1638712882.684,0.0,0.0
1638712882.983,0.0,0.0
1638712883.286,0.0,0.0
1638712883.585,0.0,0.0
1638712883.884,1.0,0.0
1638712884.187,0.0,0.0
1638712884.486,1.0,0.0
1638712884.785,0.0,0.0
1638712885.088,0.0,0.0
1638712885.387,6.0,0.0
1638712885.686,0.0,0.0
1638712885.989,0.0,0.0
1638712886.288,0.0,0.0
1638712888.954,0.0,0.0
1638712889.253,0.0,0.0
1638712889.552,0.0,0.0
1638712889.855,0.0,0.0
1638712890.154,0.0,0.0
1638712890.454,0.0,0.0
1638712890.756,0.0,0.0
1638712891.056,2.0,0.0
1638712891.355,0.0,0.0
1638712891.657,2.0,0.0
1638712891.957,0.0,0.0
1638712892.256,0.0,0.0
1638712892.559,0.0,0.0
1638712892.858,0.0,0.0
1638712893.157,0.0,0.0
1638712893.456,0.0,0.0
1638712893.759,0.0,0.0
1638712894.058,2.0,0.0
1638712894.357,0.0,0.0
1638712894.66,1.0,0.0
1638712894.959,0.0,0.0
1638712895.258,0.0,0.0
1638712895.561,0.0,0.0
1638712895.86,0.0,0.0
1638712896.159,0.0,0.0
1638712896.462,0.0,0.0
1638712896.761,0.0,0.0
1638712897.06,1.0,0.0
1638712897.359,0.0,0.0
1638712897.662,0.0,0.0
1638712897.961,0.0,0.0
1638712898.26,0.0,0.0
1638712898.563,0.0,0.0
1638712898.862,2.0,0.0
1638712899.161,1.0,0.0
1638712899.464,0.0,0.0
1638712899.763,0.0,0.0
1638712900.062,0.0,0.0
1638712900.365,0.0,0.0
1638712900.664,2.0,0.0
1638712900.963,0.0,0.0
1638712901.262,0.0,0.0
1638712901.565,0.0,0.0
1638712901.864,0.0,0.0
1638712902.163,0.0,0.0
1638712902.466,1.0,0.0
1638712902.765,0.0,0.0
1638712903.064,0.0,0.0
1638712903.367,1.0,0.0
1638712903.667,0.0,0.0
1638712903.966,0.0,0.0
1638712904.268,0.0,0.0
1638712904.568,2.0,0.0
1638712904.867,0.0,0.0
1638712905.166,2.0,0.0
1638712905.469,0.0,0.0
1638712905.768,0.0,0.0
1638712906.067,0.0,0.0
1638712906.37,0.0,0.0
1638712906.669,2.0,0.0
1638712906.968,0.0,0.0
1638712907.271,2.0,0.0
1638712907.57,0.0,0.0
1638712907.869,0.0,0.0
1638712908.172,0.0,0.0
1638712908.471,0.0,0.0
1638712908.77,1.0,0.0
1638712909.069,0.0,0.0
1638712909.372,0.0,0.0
1638712909.671,0.0,0.0
1638712909.97,0.0,0.0
1638712910.273,0.0,0.0
1638712910.572,0.0,0.0
1638712910.871,0.0,0.0
1638712911.174,0.0,0.0
1638712911.473,0.0,0.0
1638712911.772,0.0,0.0
1638712912.071,0.0,0.0
1638712912.374,0.0,0.0
1638712912.673,0.0,0.0
1638712912.972,0.0,0.0
1638712913.275,0.0,0.0
1638712913.574,0.0,0.0
1638712913.873,0.0,0.0
1638712914.176,0.0,0.0
1638712914.475,0.0,0.0
1638712914.774,0.0,0.0
1638712915.077,0.0,0.0
1638712915.376,0.0,0.0
1638712915.675,0.0,0.0
1638712915.975,0.0,0.0
1638712916.277,0.0,0.0
1638712916.577,2.0,0.0
1638712916.876,0.0,0.0
1638712917.179,0.0,0.0
1638712917.478,2.0,0.0
1638712917.777,0.0,0.0
1638712918.08,0.0,0.0
1638712918.379,0.0,0.0
1638712918.678,0.0,0.0
1638712918.981,0.0,0.0
1638712919.28,0.0,0.0
1638712919.579,2.0,0.0
1638712919.878,0.0,0.0
1638712920.181,0.0,0.0
1638712920.48,0.0,0.0
1638712920.779,0.0,0.0
1638712921.082,0.0,0.0
1638712921.381,0.0,0.0
1638712921.68,0.0,0.0
1638712921.983,0.0,0.0
1638712922.282,0.0,0.0
1638712922.581,0.0,0.0
1638712922.884,2.0,0.0
1638712923.183,0.0,0.0
1638712923.482,0.0,0.0
1638712923.781,1.0,0.0
1638712924.084,0.0,0.0
1638712924.383,0.0,0.0
1638712924.682,0.0,0.0
1638712924.985,0.0,0.0
1638712925.284,0.0,0.0
1638712925.583,2.0,0.0
1638712925.886,0.0,0.0
1638712926.185,0.0,0.0
1638712926.484,0.0,0.0
1638712926.787,0.0,0.0
1638712927.086,0.0,0.0
1638712927.385,1.0,0.0
1638712927.684,2.0,0.0
1638712927.987,0.0,0.0
1638712928.287,0.0,0.0
1638712928.586,0.0,0.0
1638712928.888,0.0,0.0
1638712929.188,0.0,0.0
1638712929.487,0.0,0.0
1638712929.79,0.0,0.0
1638712930.089,2.0,0.0
1638712930.388,0.0,0.0
1638712930.691,0.0,0.0
1638712930.99,0.0,0.0
1638712931.289,0.0,0.0
1638712931.588,2.0,0.0
1638712931.891,0.0,0.0
1638712932.19,0.0,0.0
1638712932.489,0.0,0.0
1638712932.792,2.0,0.0
1638712933.091,0.0,0.0
1638712933.39,0.0,0.0
1638712933.693,0.0,0.0
1638712933.992,0.0,0.0
1638712934.291,0.0,0.0
1638712934.594,0.0,0.0
1638712934.893,0.0,0.0
1638712935.192,0.0,0.0
1638712935.491,0.0,0.0
1638712935.794,0.0,0.0
1638712936.093,2.0,0.0
1638712936.392,0.0,0.0
1638712936.696,0.0,0.0
1638712936.994,0.0,0.0
1638712937.293,2.0,0.0
1638712937.596,2.0,0.0
1638712937.895,0.0,0.0
1638712938.227,0.0,0.0
1638712938.493,0.0,0.0
1638712938.796,0.0,0.0
1638712939.095,0.0,0.0
1638712939.394,0.0,0.0
1638712939.706,0.0,0.0
1638712939.996,1.0,0.0
1638712940.296,0.0,0.0
1638712940.598,0.0,0.0
1638712940.897,0.0,0.0
1638712941.197,2.0,0.0
1638712941.5,2.0,0.0
1638712941.799,0.0,0.0
1638712942.098,0.0,0.0
1638712942.397,0.0,0.0
1638712942.7,0.0,0.0
1638712942.999,1.0,0.0
1638712943.298,0.0,0.0
1638712943.601,0.0,0.0
1638712943.9,0.0,0.0
1638712944.199,2.0,0.0
1638712944.502,1.0,0.0
1638712944.801,0.0,0.0
1638712945.1,0.0,0.0
1638712945.403,0.0,0.0
1638712945.702,0.0,0.0
1638712946.001,0.0,0.0
1638712946.3,0.0,0.0
1638712946.603,0.0,0.0
1638712946.902,2.0,0.0
1638712947.201,2.0,0.0
1638712947.504,0.0,0.0
1638712947.803,0.0,0.0
1638712948.102,0.0,0.0
1638712948.405,0.0,0.0
1638712948.704,1.0,0.0
1638712949.003,2.0,0.0
1638712949.306,1.0,0.0
1638712949.605,0.0,0.0
1638712949.904,0.0,0.0
1638712950.203,0.0,0.0
1638712950.506,0.0,0.0
1638712950.805,0.0,0.0
1638712951.104,0.0,0.0
1638712951.407,1.0,0.0
1638712951.706,0.0,0.0
1638712952.005,0.0,0.0
1638712952.308,0.0,0.0
1638712952.607,0.0,0.0
1638712952.906,0.0,0.0
1638712953.209,0.0,0.0
1638712953.508,2.0,0.0
1638712953.808,0.0,0.0
1638712954.107,0.0,0.0
1638712954.41,0.0,0.0
1638712954.709,0.0,0.0
1638712955.008,3.0,0.0
1638712955.311,0.0,0.0
1638712955.61,0.0,0.0
1638712955.909,0.0,0.0
1638712956.212,0.0,0.0
1638712956.511,2.0,0.0
1638712956.81,1.0,0.0
1638712957.113,0.0,0.0
1638712957.412,0.0,0.0
1638712957.711,0.0,0.0
1638712958.01,0.0,0.0
1638712958.313,0.0,0.0
1638712958.612,1.0,0.0
1638712958.911,1.0,0.0
1638712959.214,1.0,0.0
1638712959.513,0.0,0.0
1638712959.812,1.0,0.0
1638712960.115,0.0,0.0
1638712960.414,1.0,0.0
1638712960.713,6.0,0.0
1638712961.016,1.0,1.0
1638712961.315,2.0,1.0
1638712961.614,1.0,1.0
1638712961.913,0.0,1.0
1638712962.216,1.0,1.0
1638712962.515,2.0,1.0
1638712962.814,0.0,1.0
1638712963.117,2.0,1.0
1638712963.416,0.0,1.0
1638712963.715,0.0,1.0
1638712964.018,0.0,0.0
1638712964.317,1.0,0.0
1638712964.616,0.0,0.0
1638712964.919,0.0,0.0
1638712965.218,0.0,0.0
1638712965.517,0.0,0.0
1638712965.817,1.0,0.0
1638712966.119,0.0,0.0
1638712966.419,1.0,0.0
1638712966.718,0.0,0.0
1638712967.021,0.0,0.0
1638712967.32,0.0,0.0
1638712967.619,0.0,0.0
1638712967.922,2.0,0.0
1638712968.221,0.0,0.0
1638712968.52,0.0,0.0
1638712968.819,0.0,0.0
1638712969.122,1.0,0.0
1638712969.421,0.0,0.0
1638712969.72,2.0,0.0
1638712970.023,0.0,0.0
1638712970.322,2.0,0.0
1638712970.621,0.0,0.0
1638712970.924,2.0,0.0
1638712971.223,0.0,0.0
1638712971.522,0.0,0.0
1638712971.825,0.0,0.0
1638712972.124,0.0,0.0
1638712972.423,0.0,0.0
1638712972.722,0.0,0.0
1638712973.025,0.0,0.0
1638712973.324,0.0,0.0
1638712973.623,1.0,0.0
1638712973.926,0.0,0.0
1638712974.225,2.0,0.0
1638712974.524,0.0,0.0
1638712974.827,2.0,0.0
1638712975.126,0.0,0.0
1638712975.425,0.0,0.0
1638712975.728,0.0,0.0
1638712976.027,0.0,0.0
1638712976.326,0.0,0.0
1638712976.625,0.0,0.0
1638712976.928,0.0,0.0
1638712977.227,0.0,0.0
1638712977.526,1.0,0.0
1638712977.829,0.0,0.0
1638712978.129,0.0,0.0
1638712978.428,0.0,0.0
1638712978.73,0.0,0.0
1638712979.03,0.0,0.0
1638712979.329,22.0,0.0
1638712979.631,0.0,2.0
1638712979.931,2.0,2.0
1638712980.23,0.0,2.0
1638712980.529,1.0,2.0
1638712980.832,0.0,2.0
1638712981.131,0.0,2.0
1638712981.43,2.0,2.0
1638712981.733,0.0,2.0
1638712982.032,19.0,2.0
1638712982.331,2.0,4.0
1638712982.634,0.0,2.0
1638712982.933,2.0,2.0
1638712983.232,0.0,2.0
1638712983.535,1.0,2.0
1638712983.834,2.0,2.0
1638712984.133,0.0,2.0
1638712984.448,1.0,2.0
1638712984.735,0.0,2.0
1638712985.034,0.0,2.0
1638712985.333,2.0,0.0
1638712985.636,0.0,0.0
1638712985.935,1.0,0.0
1638712986.234,2.0,0.0
1638712986.537,0.0,0.0
1638712986.836,3.0,0.0
1638712987.135,2.0,0.0
1638712987.438,0.0,1.0
1638712987.737,0.0,1.0
1638712988.036,1.0,1.0
1638712988.335,1.0,1.0
1638712988.638,2.0,1.0
1638712988.937,0.0,1.0
1638712989.236,0.0,1.0
1638712989.539,0.0,0.0
1638712989.838,0.0,0.0
1638712990.137,2.0,0.0
1638712990.44,0.0,0.0
1638712990.739,0.0,0.0
1638712991.038,0.0,0.0
1638712991.341,0.0,0.0
1638712991.64,1.0,0.0
1638712991.94,1.0,0.0
1638712992.239,0.0,0.0
1638712992.541,0.0,0.0
1638712992.841,2.0,0.0
1638712993.14,2.0,0.0
1638712993.443,0.0,0.0
1638712993.742,0.0,0.0
1638712994.041,0.0,0.0
1638712994.344,0.0,0.0
1638712994.643,1.0,0.0
1638712994.942,2.0,0.0
1638712995.245,2.0,0.0
1638712995.544,0.0,0.0
1638712995.843,0.0,0.0
1638712996.142,0.0,0.0
1638712996.445,1.0,0.0
1638712996.744,0.0,0.0
1638712997.043,0.0,0.0
1638712997.346,2.0,0.0
1638712997.645,2.0,0.0
1638712997.944,0.0,0.0
1638712998.247,0.0,0.0
1638712998.546,0.0,0.0
1638712998.845,0.0,0.0
1638712999.144,0.0,0.0
1638712999.447,0.0,0.0
1638712999.746,2.0,0.0
1638713000.045,2.0,0.0
1638713000.348,0.0,0.0
1638713000.647,0.0,0.0
1638713000.946,0.0,0.0
1638713001.249,0.0,0.0
1638713001.548,1.0,0.0
1638713001.847,1.0,0.0
1638713002.15,0.0,0.0
1638713002.449,8.0,0.0
1638713002.748,0.0,1.0
1638713003.047,2.0,1.0
1638713003.35,3.0,1.0
1638713003.65,2.0,1.0
1638713003.949,2.0,1.0
1638713004.251,2.0,1.0
1638713004.551,2.0,2.0
1638713004.85,2.0,2.0
1638713005.153,2.0,2.0
1638713005.452,0.0,2.0
1638713005.751,0.0,1.0
1638713006.054,0.0,1.0
1638713006.353,1.0,1.0
1638713006.652,1.0,1.0
1638713006.951,1.0,1.0
1638713007.254,0.0,1.0
1638713007.553,0.0,0.0
1638713007.852,0.0,0.0
1638713008.155,0.0,0.0
1638713008.454,1.0,0.0
1638713008.753,0.0,0.0
1638713009.056,0.0,0.0
1638713009.355,1.0,0.0
1638713009.654,1.0,0.0
1638713009.957,0.0,0.0
1638713010.256,0.0,0.0
1638713010.555,1.0,0.0
1638713010.854,0.0,0.0
1638713011.157,1.0,0.0
1638713011.456,0.0,0.0
1638713011.755,0.0,0.0
1638713012.058,0.0,0.0
1638713012.357,0.0,0.0
1638713012.656,0.0,0.0
1638713012.959,0.0,0.0
1638713013.258,2.0,0.0
1638713013.557,2.0,0.0
1638713013.86,2.0,0.0
1638713014.159,0.0,0.0
1638713014.458,0.0,0.0
1638713014.757,0.0,0.0
1638713015.06,0.0,0.0
1638713015.359,0.0,0.0
1638713015.658,0.0,0.0
1638713015.961,2.0,0.0
1638713016.26,0.0,0.0
1638713016.56,0.0,0.0
1638713016.862,0.0,0.0
1638713017.162,0.0,0.0
1638713017.461,0.0,0.0
1638713017.764,0.0,0.0
1638713018.063,0.0,0.0
1638713018.362,0.0,0.0
1638713018.661,0.0,0.0
1638713018.964,0.0,0.0
1638713019.263,0.0,0.0
1638713019.562,2.0,0.0
1638713019.865,0.0,0.0
1638713020.164,0.0,0.0
1638713020.463,0.0,0.0
1638713020.766,1.0,0.0
1638713021.065,0.0,0.0
1638713021.364,0.0,0.0
1638713021.667,0.0,0.0
1638713021.966,2.0,0.0
1638713022.265,0.0,0.0
1638713022.564,0.0,0.0
1638713022.867,0.0,0.0
1638713023.166,0.0,0.0
1638713023.465,0.0,0.0
1638713023.768,2.0,0.0
1638713024.067,0.0,0.0
1638713024.366,1.0,0.0
1638713024.669,0.0,0.0
1638713024.968,0.0,0.0
1638713025.267,0.0,0.0
1638713025.57,0.0,0.0
1638713025.869,0.0,0.0
1638713026.168,0.0,0.0
1638713026.467,0.0,0.0
1638713026.77,0.0,0.0
1638713027.069,0.0,0.0
1638713027.368,2.0,0.0
1638713027.671,0.0,0.0
1638713027.97,0.0,0.0
1638713028.27,0.0,0.0
1638713028.572,0.0,0.0
1638713028.871,0.0,0.0
1638713029.171,2.0,0.0
1638713029.473,0.0,0.0
1638713029.773,0.0,0.0
1638713030.072,0.0,0.0
1638713030.371,0.0,0.0
1638713030.674,0.0,0.0
1638713030.973,2.0,0.0
1638713031.272,2.0,0.0
1638713031.575,0.0,0.0
1638713031.874,0.0,0.0
1638713032.173,0.0,0.0
1638713032.476,2.0,0.0
1638713032.775,0.0,0.0
1638713033.074,0.0,0.0
1638713033.373,0.0,0.0
1638713033.676,0.0,0.0
1638713033.975,0.0,0.0
1638713034.274,0.0,0.0
1638713034.577,0.0,0.0
1638713034.876,0.0,0.0
1638713035.175,0.0,0.0
1638713035.478,0.0,0.0
1638713035.777,2.0,0.0
1638713036.076,1.0,0.0
1638713036.379,0.0,0.0
1638713036.678,0.0,0.0
1638713036.977,2.0,0.0
1638713037.276,2.0,0.0
1638713037.579,1.0,0.0
1638713037.878,0.0,0.0
1638713038.177,0.0,0.0
1638713038.48,2.0,0.0
1638713038.779,0.0,1.0
1638713039.078,0.0,0.0
1638713039.381,0.0,0.0
1638713039.68,2.0,0.0
1638713039.979,0.0,0.0
1638713040.282,0.0,0.0
1638713040.581,0.0,0.0
1638713040.88,2.0,0.0
1638713041.179,2.0,0.0
1638713041.482,0.0,0.0
1638713041.781,0.0,0.0
1638713042.081,0.0,0.0
1638713042.383,2.0,0.0
1638713042.683,0.0,0.0
1638713042.982,0.0,0.0
1638713043.285,0.0,0.0
1638713043.584,0.0,0.0
1638713043.883,1.0,0.0
1638713044.186,0.0,0.0
1638713044.485,2.0,0.0
1638713044.784,0.0,0.0
1638713045.083,0.0,0.0
1638713045.386,2.0,0.0
1638713045.685,0.0,0.0
1638713045.984,0.0,0.0
1638713046.287,0.0,0.0
1638713046.586,2.0,0.0
1638713046.885,0.0,0.0
1638713047.188,0.0,0.0
1638713047.487,2.0,0.0
1638713047.786,0.0,0.0
1638713048.089,0.0,0.0
1638713048.388,0.0,0.0
1638713048.687,0.0,0.0
1638713048.986,0.0,0.0
1638713049.289,0.0,0.0
1638713049.588,0.0,0.0
1638713049.887,0.0,0.0
1638713050.19,0.0,0.0
1638713050.489,0.0,0.0
1638713050.788,0.0,0.0
1638713051.091,0.0,0.0
1638713051.39,0.0,0.0
1638713051.689,0.0,0.0
1638713051.992,0.0,0.0
1638713052.291,0.0,0.0
1638713052.59,0.0,0.0
1638713052.89,2.0,0.0
1638713053.192,0.0,0.0
1638713053.491,0.0,0.0
1638713053.79,2.0,0.0
1638713054.093,0.0,0.0
1638713054.392,0.0,0.0
1638713054.692,0.0,0.0
1638713054.994,0.0,0.0
1638713055.294,0.0,0.0
1638713055.593,0.0,0.0
1638713055.896,0.0,0.0
1638713056.195,0.0,0.0
1638713056.494,0.0,0.0
1638713056.793,0.0,0.0
1638713057.096,0.0,0.0
1638713057.395,0.0,0.0
1638713057.694,0.0,0.0
1638713057.997,0.0,0.0
1638713058.296,0.0,0.0
1638713058.595,0.0,0.0
1638713058.898,2.0,0.0
1638713059.197,0.0,0.0
1638713059.496,0.0,0.0
1638713059.799,1.0,0.0
1638713060.098,0.0,0.0
1638713060.397,2.0,0.0
1638713060.696,0.0,0.0
1638713060.999,0.0,0.0
1638713061.298,0.0,0.0
1638713061.597,0.0,0.0
1638713061.9,2.0,0.0
1638713062.199,1.0,0.0
1638713062.498,0.0,0.0
1638713062.801,0.0,0.0
1638713063.1,0.0,0.0
1638713063.399,0.0,0.0
1638713063.698,0.0,0.0
1638713064.001,0.0,0.0
1638713064.3,2.0,0.0
1638713064.599,0.0,0.0
1638713064.902,0.0,0.0
1638713065.201,2.0,0.0
1638713065.5,0.0,0.0
1638713065.803,0.0,0.0
1638713066.102,0.0,0.0
1638713066.401,0.0,0.0
1638713066.704,0.0,0.0
1638713067.003,0.0,0.0
1638713067.303,0.0,0.0
1638713067.602,0.0,0.0
1638713067.905,0.0,0.0
1638713068.204,2.0,0.0
1638713068.503,0.0,0.0
1638713068.806,0.0,0.0
1638713069.105,0.0,0.0
1638713069.404,0.0,0.0
1638713069.707,2.0,0.0
1638713070.006,0.0,0.0
1638713070.305,2.0,0.0
1638713070.608,0.0,0.0
1638713070.907,0.0,0.0
1638713071.206,0.0,0.0
1638713071.505,0.0,0.0
1638713071.808,1.0,0.0
1638713072.107,0.0,0.0
1638713072.406,0.0,0.0
1638713072.709,0.0,0.0
1638713073.008,0.0,0.0
1638713073.307,0.0,0.0
1638713073.61,0.0,0.0
1638713073.909,0.0,0.0
1638713074.208,0.0,0.0
1638713074.511,2.0,0.0
1638713074.81,0.0,0.0
1638713075.109,0.0,0.0
1638713075.408,0.0,0.0
1638713075.711,0.0,0.0
1638713076.01,0.0,0.0
1638713076.309,0.0,0.0
1638713076.612,0.0,0.0
1638713076.911,0.0,0.0
1638713077.21,0.0,0.0
1638713077.513,0.0,0.0
1638713077.812,0.0,0.0
1638713078.111,0.0,0.0
1638713078.414,0.0,0.0
1638713078.713,0.0,0.0
1638713079.012,0.0,0.0
1638713079.312,2.0,0.0
1638713079.614,0.0,0.0
1638713079.914,0.0,0.0
1638713080.213,0.0,0.0
1638713080.515,2.0,0.0
1638713080.815,0.0,0.0
1638713081.114,2.0,0.0
1638713081.417,0.0,0.0
1638713081.716,0.0,0.0
1638713082.015,0.0,0.0
1638713082.318,0.0,0.0
1638713082.617,0.0,0.0
1638713082.916,0.0,0.0
1638713083.215,0.0,0.0
1638713083.518,0.0,0.0
1638713083.817,0.0,0.0
1638713084.116,0.0,0.0
1638713084.419,0.0,0.0
1638713084.718,0.0,0.0
1638713085.017,0.0,0.0
1638713085.32,0.0,0.0
1638713085.619,0.0,0.0
1638713085.918,0.0,0.0
1638713086.221,0.0,0.0
1638713086.52,0.0,0.0
1638713086.819,0.0,0.0
1638713087.118,0.0,0.0
1638713087.421,1.0,0.0
1638713087.72,0.0,0.0
1638713088.019,0.0,0.0
1638713088.322,0.0,0.0
1638713088.621,0.0,0.0
1638713088.92,0.0,0.0
1638713089.223,2.0,0.0
1638713089.522,0.0,0.0
1638713089.821,2.0,0.0
1638713090.124,0.0,0.0
1638713090.423,0.0,0.0
1638713090.722,0.0,0.0
1638713091.021,0.0,0.0
1638713091.324,2.0,0.0
1638713091.623,0.0,0.0
1638713091.923,1.0,0.0
1638713092.225,2.0,0.0
1638713092.524,0.0,0.0
1638713092.824,0.0,0.0
1638713093.126,0.0,0.0
1638713093.426,1.0,0.0
1638713093.725,2.0,0.0
1638713094.028,0.0,0.0
1638713094.327,0.0,0.0
1638713094.626,0.0,0.0
1638713094.925,0.0,0.0
1638713095.228,2.0,0.0
1638713095.527,0.0,0.0
1638713095.826,0.0,0.0
1638713096.129,0.0,0.0
1638713096.428,0.0,0.0
1638713096.727,2.0,0.0
1638713097.03,0.0,0.0
1638713097.329,2.0,0.0
1638713097.628,0.0,0.0
1638713097.927,0.0,0.0
1638713098.23,0.0,0.0
1638713098.529,1.0,0.0
1638713098.828,0.0,0.0
1638713099.131,0.0,0.0
1638713099.43,0.0,0.0
1638713099.729,0.0,0.0
1638713100.032,0.0,0.0
1638713100.331,0.0,0.0
1638713100.63,2.0,0.0
1638713100.933,0.0,0.0
1638713101.232,0.0,0.0
1638713101.531,0.0,0.0
1638713101.83,0.0,0.0
1638713102.133,2.0,0.0
1638713102.432,0.0,0.0
1638713102.731,2.0,0.0
1638713103.034,0.0,0.0
1638713103.333,0.0,0.0
1638713103.632,0.0,0.0
1638713103.935,0.0,0.0
1638713104.234,0.0,0.0
1638713104.533,0.0,0.0
1638713104.836,0.0,0.0
1638713105.135,0.0,0.0
1638713105.435,0.0,0.0
1638713105.734,2.0,0.0
1638713106.037,0.0,0.0
1638713106.336,0.0,0.0
1638713106.635,0.0,0.0
1638713106.938,0.0,0.0
1638713107.237,0.0,0.0
1638716519.004,900.0,0.0
1638716519.303,900.0,899.0
1638716519.606,899.0,899.0
1638716519.905,900.0,899.0
1638716520.204,900.0,899.0
1638716520.507,900.0,899.0
1638716520.806,899.0,899.0
1638716521.105,899.0,899.0
1638716521.408,899.0,899.0
1638716521.707,900.0,899.0
1638716522.006,900.0,899.0
1638716522.305,899.0,899.0
1638716522.608,901.0,899.0
1638716522.907,899.0,899.0
1638716523.206,901.0,899.0
1638716523.509,899.0,899.0
1638716523.808,900.0,899.0
1638716524.107,899.0,899.0
1638716524.41,902.0,899.0
1638716524.709,901.0,900.0
1638716525.008,899.0,900.0
1638716525.311,900.0,900.0
1638716525.61,899.0,900.0
1638716525.909,900.0,899.0
1638716526.208,901.0,900.0
1638716526.511,900.0,900.0
1638716526.81,900.0,900.0
1638716527.109,899.0,900.0
1638716527.412,903.0,900.0
1638716527.711,899.0,900.0
1638716528.011,900.0,900.0
1638716528.313,899.0,900.0
1638716528.612,899.0,900.0
1638716528.912,899.0,900.0
1638716529.214,899.0,899.0
1638716529.514,900.0,899.0
1638716529.813,899.0,899.0
1638716530.112,900.0,899.0
1638716530.415,899.0,899.0
1638716530.714,899.0,899.0
1638716531.013,899.0,899.0
1638716531.316,901.0,899.0
1638716531.615,902.0,899.0
1638716531.914,899.0,899.0
1638716532.217,900.0,899.0
1638716532.516,900.0,899.0
1638716532.815,900.0,899.0
1638716533.118,899.0,899.0
1638716533.417,903.0,899.0
1638716533.716,900.0,900.0
1638716534.015,899.0,900.0
1638716534.318,900.0,900.0
1638716534.617,900.0,900.0
1638716534.916,899.0,900.0
1638716535.219,899.0,900.0
1638716535.522,898.0,899.0
1638716535.817,900.0,899.0
1638716536.12,900.0,899.0
1638716536.419,899.0,899.0
1638716536.718,898.0,899.0
1638716537.021,899.0,899.0
1638716537.32,899.0,899.0
1638716537.619,900.0,899.0
1638716537.918,900.0,899.0
1638716538.221,899.0,899.0
1638716538.52,899.0,899.0
1638716538.819,899.0,899.0
1638716539.122,899.0,899.0
1638716539.421,899.0,899.0
1638716539.72,900.0,899.0
1638716540.023,899.0,899.0
1638716540.322,900.0,899.0
1638716540.621,900.0,899.0
1638716540.924,900.0,899.0
1638716541.223,900.0,899.0
1638716541.523,900.0,899.0
1638716541.822,900.0,899.0
1638716542.124,900.0,899.0
1638716542.424,900.0,899.0
1638716542.723,899.0,899.0
1638716543.026,900.0,899.0
1638716543.325,900.0,899.0
1638716543.624,899.0,899.0
1638716543.927,898.0,899.0
1638716544.226,898.0,899.0
1638716544.525,899.0,899.0
1638716544.828,899.0,899.0
1638716545.127,901.0,899.0
1638716545.426,899.0,899.0
1638716545.725,899.0,899.0
1638716546.028,903.0,899.0
1638716546.327,898.0,899.0
1638716546.626,899.0,899.0
1638716546.929,898.0,899.0
1638716547.228,899.0,899.0
1638716547.531,899.0,899.0
1638716547.83,899.0,899.0
1638716548.129,897.0,899.0
1638716548.428,898.0,899.0
1638716548.731,898.0,898.0
1638716549.03,899.0,898.0
1638716549.329,898.0,898.0
1638716549.628,899.0,898.0
1638716549.931,898.0,898.0
1638716550.23,899.0,898.0
1638716550.533,898.0,898.0
1638716550.865,897.0,898.0
1638716551.131,898.0,898.0
1638716551.43,898.0,898.0
1638716551.75,900.0,898.0
1638716552.032,898.0,898.0
1638716552.331,899.0,898.0
1638716552.634,897.0,898.0
1638716552.933,898.0,898.0
1638716553.232,897.0,898.0
1638716553.532,898.0,898.0
1638716553.834,898.0,898.0
1638716554.133,901.0,898.0
1638716554.433,898.0,898.0
1638716554.735,899.0,898.0
1638716555.035,899.0,898.0
1638716555.334,902.0,898.0
1638716555.637,898.0,898.0
1638716555.936,898.0,898.0
1638716556.235,899.0,898.0
1638716556.538,902.0,899.0
1638716556.837,897.0,899.0
1638716557.136,899.0,899.0
1638716557.435,902.0,899.0
1638716557.738,898.0,899.0
1638716558.037,899.0,899.0
1638716558.336,898.0,899.0
1638716558.639,899.0,899.0
1638716558.938,899.0,899.0
1638716559.237,899.0,899.0
1638716559.54,898.0,899.0
1638716559.839,899.0,898.0
1638716560.138,898.0,899.0
1638716560.441,898.0,898.0
1638716560.74,901.0,898.0
1638716561.039,898.0,898.0
1638716561.338,898.0,898.0
1638716561.641,898.0,898.0
1638716561.94,899.0,898.0
1638716562.239,900.0,898.0
1638716562.542,898.0,898.0
1638716562.841,899.0,898.0
1638716563.14,898.0,898.0
1638716563.443,902.0,898.0
1638716563.742,898.0,899.0
1638716564.041,898.0,898.0
1638716564.344,899.0,898.0
1638716564.643,899.0,898.0
1638716564.942,899.0,899.0
1638716565.242,898.0,899.0
1638716565.544,899.0,898.0
1638716565.844,897.0,898.0
1638716566.143,898.0,898.0
1638716566.445,897.0,898.0
1638716566.744,898.0,898.0
1638716567.044,898.0,898.0
1638716567.347,898.0,898.0
1638716567.646,898.0,898.0
1638716567.945,898.0,898.0
1638716568.248,898.0,897.0
1638716568.547,898.0,897.0
1638716568.846,897.0,897.0
1638716569.145,901.0,897.0
1638716569.448,898.0,898.0
1638716569.747,898.0,898.0
1638716570.046,897.0,898.0
1638716570.349,898.0,898.0
1638716570.648,901.0,898.0
1638716570.947,897.0,898.0
1638716571.25,899.0,898.0
1638716571.549,897.0,898.0
1638716571.848,897.0,898.0
1638716572.151,898.0,898.0
1638716572.45,898.0,898.0
1638716572.749,898.0,898.0
1638716573.048,897.0,898.0
1638716573.351,899.0,898.0
1638716573.65,898.0,898.0
1638716573.949,898.0,897.0
1638716574.252,898.0,897.0
1638716574.551,898.0,897.0
1638716574.85,898.0,897.0
1638716575.153,897.0,898.0
1638716575.452,896.0,897.0
1638716575.751,901.0,897.0
1638716576.054,898.0,898.0
1638716576.353,898.0,898.0
1638716576.652,897.0,898.0
1638716576.951,897.0,897.0
1638716577.254,899.0,897.0
1638716577.553,897.0,897.0
1638716577.852,898.0,897.0
1638716578.155,897.0,897.0
1638716578.454,899.0,897.0
1638716578.754,898.0,898.0
1638716579.056,898.0,897.0
1638716579.355,900.0,897.0
1638716579.655,898.0,898.0
1638716579.957,897.0,898.0
1638716580.257,901.0,898.0
1638716580.556,899.0,898.0
1638716580.855,897.0,898.0
1638716581.158,897.0,898.0
1638716581.459,899.0,898.0
1638716581.756,897.0,898.0
1638716582.059,898.0,898.0
1638716582.358,897.0,898.0
1638716582.657,897.0,898.0
1638716582.96,898.0,897.0
1638716583.259,898.0,898.0
1638716583.558,898.0,897.0
1638716583.861,898.0,897.0
1638716584.16,898.0,897.0
1638716584.459,898.0,897.0
1638716584.758,898.0,897.0
1638716585.061,898.0,897.0
1638716585.36,899.0,897.0
1638716585.659,897.0,898.0
1638716585.962,899.0,898.0
1638716586.261,899.0,898.0
1638716586.56,898.0,898.0
1638716586.863,901.0,898.0
1638716587.162,898.0,898.0
1638716587.461,897.0,898.0
1638716587.764,897.0,898.0
1638716588.063,897.0,898.0
1638716588.362,898.0,898.0
1638716588.661,899.0,898.0
1638716588.964,897.0,898.0
1638716589.263,899.0,898.0
1638716589.562,897.0,898.0
1638716589.865,897.0,898.0
1638716590.164,897.0,897.0
1638716590.463,897.0,897.0
1638716590.766,898.0,897.0
1638716591.065,896.0,897.0
1638716591.365,896.0,897.0
1638716591.667,897.0,897.0
1638716591.966,896.0,897.0
1638716592.266,897.0,897.0
1638716592.565,896.0,896.0
1638716592.868,897.0,896.0
1638716593.167,896.0,896.0
1638716593.468,897.0,896.0
1638716593.769,897.0,896.0
1638716594.068,896.0,896.0
1638716594.367,896.0,896.0
1638716594.67,896.0,896.0
1638716594.969,896.0,896.0
1638716595.268,896.0,896.0
1638716595.571,898.0,896.0
1638716595.87,896.0,896.0
1638716596.169,898.0,896.0
1638716596.468,896.0,896.0
1638716596.771,898.0,896.0
1638716597.07,896.0,896.0
1638716597.369,895.0,896.0
1638716597.672,896.0,896.0
1638716597.971,896.0,896.0
1638716598.27,896.0,896.0
1638716598.573,897.0,896.0
1638716598.872,896.0,896.0
1638716599.171,896.0,896.0
1638716599.474,896.0,896.0
1638716599.773,898.0,896.0
1638716600.072,897.0,896.0
1638716600.371,897.0,896.0
1638716600.674,897.0,896.0
1638716600.973,900.0,896.0
1638716601.272,897.0,897.0
1638716601.575,896.0,897.0
1638716601.874,897.0,897.0
1638716602.173,897.0,897.0
1638716602.476,895.0,897.0
1638716602.775,896.0,897.0
1638716603.074,896.0,896.0
1638716603.377,896.0,896.0
1638716603.676,896.0,896.0
1638716603.975,896.0,896.0
1638716604.275,897.0,896.0
1638716604.577,896.0,896.0
1638716604.877,899.0,896.0
1638716605.176,895.0,896.0
1638716605.479,896.0,896.0
1638716605.778,896.0,896.0
1638716606.077,896.0,896.0
1638716606.38,897.0,896.0
1638716606.679,895.0,896.0
1638716606.978,896.0,896.0
1638716607.281,899.0,896.0
1638716607.58,897.0,896.0
1638716607.879,896.0,896.0
1638716608.178,897.0,896.0
1638716608.481,896.0,896.0
1638716608.78,897.0,896.0
1638716609.079,899.0,896.0
1638716609.382,899.0,896.0
1638716609.681,896.0,897.0
1638716609.98,897.0,897.0
1638716610.283,896.0,897.0
1638716610.582,896.0,897.0
1638716610.881,897.0,896.0
1638716611.184,897.0,897.0
1638716611.483,897.0,897.0
1638716611.782,897.0,897.0
1638716612.081,896.0,897.0
1638716612.384,896.0,896.0
1638716612.683,896.0,896.0
1638716612.982,896.0,896.0
1638716613.285,896.0,896.0
1638716613.584,897.0,896.0
1638716613.883,897.0,896.0
1638716614.186,895.0,896.0
1638716614.485,896.0,896.0
1638716614.784,895.0,896.0
1638716615.087,896.0,896.0
1638716615.386,897.0,896.0
1638716615.685,897.0,896.0
1638716615.984,896.0,896.0
1638716616.287,895.0,896.0
1638716616.587,895.0,896.0
1638716616.885,895.0,895.0
1638716617.188,895.0,895.0
1638716617.488,896.0,895.0
1638716617.787,897.0,895.0
1638716618.09,894.0,895.0
1638716618.389,896.0,895.0
1638716618.688,896.0,895.0
1638716618.991,896.0,895.0
1638716619.29,895.0,895.0
1638716619.589,896.0,895.0
1638716619.888,896.0,895.0
1638716620.191,897.0,895.0
1638716620.49,895.0,895.0
1638716620.789,896.0,895.0
1638716621.092,896.0,895.0
1638716621.391,896.0,895.0
1638716621.69,896.0,895.0
1638716621.993,895.0,895.0
1638716622.292,895.0,895.0
1638716622.591,895.0,895.0
1638716622.894,896.0,895.0
1638716623.193,898.0,895.0
1638716623.492,895.0,895.0
1638716623.791,896.0,895.0
1638716624.094,896.0,895.0
1638716624.393,896.0,895.0
1638716624.692,896.0,895.0
1638716624.995,896.0,895.0
1638716625.294,895.0,895.0
1638716625.593,896.0,895.0
1638716625.896,896.0,896.0
1638716626.195,897.0,896.0
1638716626.494,897.0,895.0
1638716626.797,897.0,896.0
1638716627.096,896.0,896.0
1638716627.395,896.0,896.0
1638716627.694,896.0,896.0
1638716627.997,897.0,896.0
1638716628.296,895.0,896.0
1638716628.595,896.0,896.0
1638716628.898,897.0,896.0
1638716629.197,896.0,896.0
1638716629.497,896.0,896.0
1638716629.799,896.0,896.0
1638716630.099,896.0,896.0
1638716630.398,896.0,896.0
1638716630.701,897.0,896.0
1638716631.0,897.0,896.0
1638716631.299,896.0,896.0
1638716631.598,897.0,896.0
1638716631.901,896.0,896.0
1638716632.2,897.0,896.0
1638716632.499,896.0,896.0
1638716632.802,896.0,896.0
1638716633.101,896.0,896.0
1638716633.4,896.0,896.0
1638716633.703,896.0,896.0
1638716634.002,896.0,896.0
1638716634.301,896.0,896.0
1638716634.604,895.0,896.0
1638716634.903,897.0,896.0
1638716635.202,895.0,896.0
1638716635.501,895.0,895.0
1638716635.804,898.0,895.0
1638716636.103,894.0,896.0
1638716636.402,895.0,895.0
1638716636.705,895.0,895.0
1638716637.004,896.0,895.0
1638716637.303,895.0,895.0
1638716637.606,895.0,895.0
1638716637.905,898.0,895.0
1638716638.204,897.0,895.0
1638716638.507,896.0,895.0
1638716638.806,896.0,895.0
1638716639.105,896.0,895.0
1638716639.404,896.0,895.0
1638716639.707,896.0,896.0
1638716640.006,897.0,896.0
1638716640.305,896.0,896.0
1638716640.608,896.0,896.0
1638716640.907,896.0,896.0
1638716641.207,897.0,896.0
1638716641.509,896.0,896.0
1638716641.808,895.0,896.0
1638716642.108,896.0,896.0
1638716642.41,896.0,896.0
1638716642.71,897.0,896.0
1638716643.009,897.0,896.0
1638716643.308,896.0,896.0
1638716643.611,897.0,896.0
1638716643.91,896.0,896.0
1638716644.209,895.0,896.0
1638716644.512,894.0,896.0
1638716644.811,895.0,895.0
1638716645.11,896.0,895.0
1638716645.413,896.0,895.0
1638716645.712,896.0,895.0
1638716646.011,899.0,895.0
1638716646.314,895.0,896.0
1638716646.613,895.0,895.0
1638716646.912,895.0,895.0
1638716647.211,896.0,895.0
1638716647.514,896.0,895.0
1638716647.813,896.0,895.0
1638716648.112,896.0,896.0
1638716648.415,896.0,896.0
1638716648.714,896.0,896.0
1638716649.013,895.0,896.0
1638716649.316,895.0,895.0
1638716649.615,894.0,895.0
1638716649.914,894.0,895.0
1638716650.217,897.0,895.0
1638716650.516,895.0,895.0
1638716650.815,897.0,895.0
1638716651.114,896.0,895.0
1638716651.417,896.0,895.0
1638716651.716,896.0,895.0
1638716652.015,895.0,895.0
1638716652.318,895.0,895.0
1638716652.617,895.0,895.0
1638716652.916,895.0,895.0
1638716653.219,895.0,895.0
1638716653.518,895.0,895.0
1638716653.817,895.0,895.0
1638716654.12,896.0,895.0
1638716654.419,895.0,895.0
1638716654.719,896.0,895.0
1638716655.018,897.0,895.0
1638716655.32,898.0,895.0
1638716655.62,895.0,895.0
1638716655.919,896.0,895.0
1638716656.222,896.0,895.0
1638716656.521,896.0,895.0
1638716656.82,896.0,896.0
1638716657.123,895.0,896.0
1638716657.422,895.0,896.0
1638716657.721,896.0,896.0
1638716658.024,895.0,896.0
1638716658.323,896.0,895.0
1638716658.622,896.0,895.0
1638716658.921,896.0,895.0
1638716659.224,896.0,895.0
1638716659.523,895.0,895.0
1638716659.822,895.0,895.0
1638716660.125,896.0,895.0
1638716660.424,896.0,895.0
1638716660.723,897.0,895.0
1638716661.026,895.0,895.0
1638716661.325,896.0,895.0
1638716661.624,896.0,895.0
1638716661.923,896.0,895.0
1638716662.226,896.0,895.0
1638716662.525,895.0,895.0
1638716662.824,896.0,895.0
1638716663.127,895.0,895.0
1638716663.426,896.0,895.0
1638716663.725,896.0,895.0
1638716664.028,895.0,895.0
1638716664.327,895.0,895.0
1638716664.626,895.0,895.0
1638716664.929,896.0,895.0
1638716665.228,895.0,895.0
1638716665.527,897.0,895.0
1638716665.826,897.0,895.0
1638716666.129,896.0,895.0
1638716666.428,895.0,895.0
1638716666.728,896.0,895.0
1638716667.03,895.0,895.0
1638716667.33,896.0,895.0
1638716667.629,896.0,895.0
1638716667.931,895.0,895.0
1638716668.231,897.0,895.0
1638716668.53,896.0,896.0
1638716668.833,896.0,895.0
1638716669.132,895.0,895.0
1638716669.431,896.0,895.0
1638716669.73,896.0,895.0
1638716670.033,896.0,895.0
1638716670.332,895.0,895.0
1638716670.631,896.0,895.0
1638716670.934,896.0,895.0
1638716671.233,898.0,895.0
1638716671.532,896.0,896.0
1638716671.835,896.0,896.0
1638716672.134,895.0,896.0
1638716672.433,894.0,896.0
1638716672.736,899.0,895.0
1638716673.035,895.0,896.0
1638716673.334,895.0,896.0
1638716673.633,895.0,896.0
1638716673.936,895.0,895.0
1638716674.235,894.0,895.0
1638716674.534,895.0,895.0
1638716674.837,895.0,895.0
1638716675.136,894.0,895.0
1638716675.435,895.0,895.0
1638716675.738,894.0,895.0
1638716676.037,894.0,894.0
1638716676.336,895.0,894.0
1638716676.639,895.0,894.0
1638716676.938,895.0,894.0
1638716677.237,896.0,894.0
1638716677.536,894.0,894.0
1638716677.839,895.0,894.0
1638716678.138,894.0,894.0
1638716678.437,894.0,894.0
1638716678.74,895.0,894.0
1638716679.04,895.0,894.0
1638716679.339,894.0,894.0
1638716679.641,893.0,894.0
1638716679.941,895.0,894.0
1638716680.24,895.0,894.0
1638716680.543,895.0,894.0
1638716680.842,894.0,894.0
1638716681.141,894.0,894.0
1638716681.44,895.0,894.0
1638716681.743,895.0,894.0
1638716682.042,894.0,894.0
1638716682.341,894.0,894.0
1638716682.644,895.0,894.0
1638716682.943,895.0,894.0
1638716683.242,895.0,894.0
1638716683.545,895.0,894.0
1638716683.844,895.0,894.0
1638716684.143,897.0,894.0
1638716684.446,896.0,895.0
1638716684.745,896.0,895.0
1638716685.044,896.0,895.0
1638716685.343,896.0,895.0
1638716685.646,896.0,895.0
1638716685.945,896.0,895.0
1638716686.244,895.0,895.0
1638716686.547,895.0,895.0
1638716686.846,898.0,895.0
1638716687.145,896.0,896.0
1638716687.448,894.0,896.0
1638716687.747,894.0,895.0
1638716688.046,895.0,895.0
1638716688.349,897.0,895.0
1638716688.648,895.0,895.0
1638716688.947,895.0,895.0
1638716689.246,895.0,895.0
1638716689.549,895.0,895.0
1638716689.848,897.0,895.0
1638716690.147,894.0,895.0
1638716690.45,894.0,895.0
1638716690.749,895.0,895.0
1638716691.048,894.0,895.0
1638716691.351,896.0,895.0
1638716691.65,896.0,895.0
1638716691.95,895.0,895.0
1638716692.252,895.0,895.0
1638716692.551,898.0,895.0
1638716692.851,896.0,895.0
1638716693.15,895.0,895.0
1638716693.453,895.0,895.0
1638716693.752,895.0,895.0
1638716694.051,895.0,895.0
1638716694.354,895.0,895.0
1638716694.653,895.0,895.0
1638716694.952,895.0,895.0
1638716695.255,894.0,895.0
1638716695.554,895.0,895.0
1638716695.853,898.0,895.0
1638716696.156,894.0,895.0
1638716696.455,895.0,895.0
1638716696.754,895.0,895.0
1638716697.053,894.0,895.0
1638716697.356,894.0,895.0
1638716697.655,894.0,894.0
1638716697.954,894.0,894.0
1638716698.257,897.0,894.0
1638716698.556,895.0,895.0
1638716698.855,894.0,895.0
1638716699.158,894.0,894.0
1638716699.457,894.0,894.0
1638716699.756,895.0,894.0
1638716700.059,895.0,894.0
1638716700.358,894.0,894.0
1638716700.657,892.0,894.0
1638716700.956,895.0,894.0
1638716701.259,895.0,894.0
1638716701.558,895.0,894.0
1638716701.857,894.0,894.0
1638716702.16,894.0,894.0
1638716702.459,894.0,894.0
1638716702.758,893.0,894.0
1638716703.061,895.0,894.0
1638716703.36,895.0,894.0
1638716703.659,895.0,894.0
1638716703.962,894.0,894.0
1638716704.261,894.0,894.0
1638716704.561,894.0,894.0
1638716704.86,897.0,894.0
1638716705.163,895.0,894.0
1638716705.462,894.0,894.0
1638716705.761,894.0,894.0
1638716706.063,894.0,894.0
1638716706.363,895.0,894.0
1638716706.662,894.0,894.0
1638716706.965,895.0,894.0
1638716707.264,895.0,894.0
1638716707.563,893.0,894.0
1638716707.866,894.0,894.0
1638716708.165,894.0,894.0
1638716708.464,894.0,894.0
1638716708.763,895.0,894.0
1638716709.066,895.0,894.0
1638716709.365,895.0,894.0
1638716709.664,895.0,894.0
1638716709.967,895.0,894.0
1638716710.266,894.0,894.0
1638716710.565,894.0,894.0
1638716710.868,894.0,894.0
1638716711.167,894.0,894.0
1638716711.466,895.0,894.0
1638716711.769,895.0,894.0
1638716712.068,894.0,894.0
1638716712.367,893.0,894.0
1638716712.666,895.0,894.0
1638716712.969,893.0,894.0
1638716713.268,894.0,894.0
1638716713.567,895.0,894.0
1638716713.87,895.0,894.0
1638716714.169,894.0,894.0
1638716714.468,895.0,894.0
1638716714.771,897.0,894.0
1638716715.07,895.0,894.0
1638716715.369,895.0,894.0
1638716715.672,895.0,894.0
1638716715.971,893.0,894.0
1638716716.27,894.0,894.0
1638716716.57,895.0,894.0
1638716716.872,894.0,894.0
1638716717.172,894.0,894.0
1638716717.471,895.0,894.0
1638716717.773,895.0,894.0
1638716718.073,895.0,894.0
1638716718.372,895.0,894.0
1638716718.675,896.0,894.0
1638716718.974,898.0,894.0
1638716719.273,893.0,895.0
1638716719.576,897.0,895.0
1638716719.875,895.0,895.0
1638716720.174,896.0,895.0
1638716720.473,894.0,895.0
1638716720.776,893.0,895.0
1638716721.075,893.0,895.0
1638716721.374,894.0,895.0
1638716721.677,894.0,894.0
1638716721.976,894.0,894.0
1638716722.275,893.0,894.0
1638716722.578,894.0,894.0
1638716722.877,895.0,894.0
1638716723.176,893.0,894.0
1638716723.479,894.0,893.0
1638716723.778,895.0,893.0
1638716724.077,895.0,893.0
1638716724.376,893.0,894.0
1638716724.679,895.0,894.0
1638716724.978,895.0,894.0
1638716725.277,894.0,894.0
1638716725.58,893.0,894.0
1638716725.879,893.0,894.0
1638716726.178,895.0,894.0
1638716726.481,895.0,894.0
1638716726.78,893.0,894.0
1638716727.079,894.0,894.0
1638716727.382,894.0,894.0
1638716727.681,895.0,894.0
1638716727.98,895.0,894.0
1638716728.279,893.0,894.0
1638716728.582,893.0,894.0
1638716728.881,895.0,894.0
1638716729.181,893.0,894.0
1638716729.483,893.0,894.0
1638716729.783,894.0,893.0
1638716730.082,895.0,893.0
1638716730.384,895.0,894.0
1638716730.684,897.0,894.0
1638716730.983,894.0,894.0
1638716731.286,894.0,894.0
1638716731.585,893.0,894.0
1638716731.884,897.0,894.0
1638716732.183,893.0,894.0
1638716732.486,894.0,894.0
1638716732.785,894.0,894.0
1638716733.084,893.0,894.0
1638716733.387,893.0,894.0
1638716733.686,894.0,894.0
1638716733.985,893.0,893.0
1638716734.288,892.0,893.0
1638716734.587,894.0,893.0
1638716734.886,894.0,893.0
1638716735.189,894.0,893.0
1638716735.488,895.0,893.0
1638716735.787,895.0,893.0
1638716736.086,893.0,893.0
1638716736.389,892.0,893.0
1638716736.688,892.0,893.0
1638716736.987,893.0,893.0
1638716737.29,893.0,893.0
1638716737.589,893.0,893.0
1638716737.888,893.0,893.0
1638716738.191,893.0,893.0
1638716738.49,892.0,893.0
1638716738.789,893.0,892.0
1638716739.092,893.0,892.0
1638716739.391,894.0,892.0
1638716739.69,894.0,892.0
1638716739.989,894.0,893.0
1638716740.292,894.0,893.0
1638716740.591,894.0,893.0
1638716740.89,894.0,893.0
1638716741.193,894.0,893.0
1638716741.492,894.0,893.0
1638716741.792,895.0,893.0
1638716742.094,894.0,894.0
1638716742.393,895.0,894.0
1638716742.692,894.0,894.0
1638716742.995,894.0,894.0
1638716743.294,894.0,894.0
1638716743.594,894.0,894.0
1638716743.893,893.0,894.0
1638716744.196,894.0,894.0
1638716744.495,894.0,894.0
1638716744.794,893.0,894.0
1638716745.097,893.0,893.0
1638716745.396,892.0,893.0
1638716745.695,893.0,893.0
1638716745.998,892.0,893.0
1638716746.297,892.0,893.0
1638716746.596,893.0,893.0
1638716746.899,893.0,892.0
1638716747.198,893.0,892.0
1638716747.497,895.0,892.0
1638716747.796,893.0,892.0
1638716748.099,893.0,892.0
1638716748.398,893.0,892.0
1638716748.697,893.0,893.0
1638716749.0,893.0,893.0
1638716749.299,893.0,893.0
1638716749.598,892.0,893.0
1638716749.901,893.0,893.0
1638716750.2,893.0,893.0
1638716750.499,893.0,893.0
1638716750.802,892.0,892.0
1638716751.101,893.0,892.0
1638716751.4,892.0,892.0
1638716751.699,892.0,892.0
1638716752.002,892.0,892.0
1638716752.301,892.0,892.0
1638716752.6,893.0,892.0
1638716752.903,893.0,892.0
1638716753.202,892.0,892.0
1638716753.501,893.0,892.0
1638716753.804,893.0,892.0
1638716754.103,892.0,892.0
1638716754.402,894.0,892.0
1638716754.705,893.0,892.0
1638716755.004,894.0,892.0
1638716755.303,894.0,892.0
1638716755.603,893.0,893.0
1638716755.905,892.0,893.0
1638716756.205,894.0,893.0
1638716756.504,895.0,893.0
1638716756.807,892.0,893.0
1638716757.106,893.0,893.0
1638716757.405,894.0,893.0
1638716757.708,893.0,893.0
1638716758.007,894.0,893.0
1638716758.306,893.0,893.0
1638716758.609,893.0,893.0
1638716758.908,894.0,893.0
1638716759.207,893.0,893.0
1638716759.506,893.0,893.0
1638716759.809,893.0,893.0
1638716760.108,893.0,893.0
1638716760.407,893.0,893.0
1638716760.71,893.0,893.0
1638716761.009,893.0,893.0
1638716761.308,892.0,893.0
1638716761.611,895.0,893.0
1638716761.91,893.0,893.0
1638716762.209,894.0,893.0
1638716762.512,894.0,893.0
1638716762.811,892.0,893.0
1638716763.11,894.0,893.0
1638716763.409,894.0,893.0
1638716763.712,894.0,893.0
1638716764.011,895.0,893.0
1638716764.31,894.0,893.0
1638716764.613,893.0,893.0
1638716764.912,893.0,893.0
1638716765.211,893.0,893.0
1638716765.514,894.0,893.0
1638716765.813,893.0,893.0
1638716766.112,894.0,893.0
1638716766.415,893.0,893.0
1638716766.714,893.0,893.0
1638716767.013,894.0,893.0
1638716767.312,894.0,893.0
1638716767.615,893.0,893.0
1638716767.914,894.0,893.0
1638716768.214,894.0,893.0
1638716768.516,894.0,893.0
1638716768.816,892.0,893.0
1638716769.115,893.0,893.0
1638716769.418,894.0,893.0
1638716769.717,893.0,893.0
1638716770.016,894.0,893.0
1638716770.319,895.0,893.0
1638716770.618,893.0,893.0
1638716770.917,894.0,893.0
1638716771.216,893.0,893.0
1638716771.519,893.0,893.0
1638716771.818,893.0,893.0
1638716772.117,893.0,893.0
1638716772.42,893.0,893.0
1638716772.719,893.0,893.0
1638716773.018,893.0,893.0
1638716773.321,892.0,893.0
1638716773.62,893.0,893.0
1638716773.919,894.0,893.0
1638716774.222,893.0,893.0
1638716774.521,892.0,893.0
1638716774.82,893.0,892.0
1638716775.119,895.0,892.0
1638716775.422,894.0,893.0
1638716775.721,893.0,893.0
1638716776.02,896.0,893.0
1638716776.323,892.0,893.0
1638716776.622,893.0,893.0
1638716776.921,894.0,893.0
1638716777.224,893.0,893.0
1638716777.523,893.0,893.0
1638716777.822,895.0,893.0
1638716778.125,892.0,893.0
1638716778.424,893.0,893.0
1638716778.723,893.0,893.0
1638716779.022,893.0,893.0
1638716779.325,893.0,893.0
1638716779.624,894.0,893.0
1638716779.924,894.0,893.0
1638716780.226,893.0,893.0
1638716780.525,893.0,893.0
1638716780.825,894.0,893.0
1638716781.127,893.0,893.0
1638716781.427,894.0,893.0
1638716781.726,893.0,893.0
1638716782.029,893.0,893.0
1638716782.328,893.0,893.0
1638716782.627,893.0,893.0
1638716782.926,892.0,893.0
1638716783.229,892.0,893.0
1638716783.528,893.0,893.0
1638716783.827,895.0,893.0
1638716784.13,894.0,893.0
1638716784.429,894.0,893.0
1638716784.728,892.0,893.0
1638716785.031,894.0,893.0
1638716785.33,892.0,893.0
1638716785.629,893.0,893.0
1638716785.932,893.0,893.0
1638716786.231,893.0,893.0
1638716786.53,895.0,893.0
1638716786.829,893.0,893.0
1638716787.132,893.0,893.0
1638716787.431,892.0,893.0
1638716787.73,893.0,893.0
1638716788.033,893.0,893.0
1638716788.332,892.0,893.0
1638716788.631,892.0,893.0
1638716788.934,893.0,892.0
1638716789.233,892.0,892.0
1638716789.532,895.0,892.0
1638716789.835,894.0,892.0
1638716790.134,893.0,892.0
1638716790.433,892.0,892.0
1638716790.732,892.0,892.0
1638716791.035,893.0,892.0
1638716791.334,891.0,892.0
1638716791.633,893.0,892.0
1638716791.936,893.0,892.0
1638716792.235,892.0,892.0
1638716792.535,894.0,892.0
1638716792.837,892.0,892.0
1638716793.136,892.0,892.0
1638716793.436,894.0,892.0
1638716793.738,894.0,892.0
1638716794.038,894.0,892.0
1638716794.337,893.0,892.0
1638716794.636,893.0,893.0
1638716794.939,894.0,893.0
1638716795.238,893.0,893.0
1638716795.537,893.0,893.0
1638716795.84,895.0,893.0
1638716796.139,893.0,893.0
1638716796.438,894.0,893.0
1638716796.741,893.0,893.0
1638716797.04,892.0,893.0
1638716797.339,893.0,893.0
1638716797.642,893.0,893.0
1638716797.941,893.0,893.0
1638716798.24,894.0,893.0
1638716798.539,893.0,893.0
1638716798.842,892.0,893.0
1638716799.141,893.0,893.0
1638716799.44,893.0,893.0
1638716799.743,892.0,892.0
1638716800.042,893.0,892.0
1638716800.341,895.0,892.0
1638716800.644,893.0,893.0
1638716800.943,892.0,893.0
1638716801.242,893.0,893.0
1638716801.541,893.0,892.0
1638716801.844,893.0,892.0
1638716802.143,893.0,893.0
1638716802.442,895.0,893.0
1638716802.745,895.0,893.0
1638716803.044,893.0,893.0
1638716803.343,893.0,893.0
1638716803.646,894.0,893.0
1638716803.945,892.0,893.0
1638716804.244,892.0,893.0
1638716804.547,893.0,893.0
1638716804.846,893.0,893.0
1638716805.145,892.0,893.0
1638716805.445,892.0,893.0
1638716805.747,893.0,892.0
1638716806.047,893.0,892.0
1638716806.346,893.0,892.0
1638716806.648,893.0,892.0
1638716806.948,892.0,892.0
1638716807.247,893.0,892.0
1638716807.55,893.0,892.0
1638716807.849,893.0,892.0
1638716808.148,892.0,892.0
1638716808.451,893.0,892.0
1638716808.75,894.0,892.0
1638716809.049,894.0,892.0
1638716809.348,894.0,893.0
1638716809.651,893.0,893.0
1638716809.95,893.0,893.0
1638716810.249,895.0,893.0
1638716810.552,895.0,893.0
1638716810.851,895.0,893.0
1638716811.15,894.0,893.0
1638716811.453,895.0,894.0
1638716811.752,895.0,894.0
1638716812.051,895.0,894.0
1638716812.354,894.0,894.0
1638716812.653,894.0,894.0
1638716812.952,895.0,894.0
1638716813.251,892.0,894.0
1638716813.554,898.0,894.0
1638716813.853,894.0,894.0
1638716814.152,895.0,894.0
1638716814.455,894.0,894.0
1638716814.754,894.0,894.0
1638716815.053,894.0,894.0
1638716815.356,894.0,894.0
1638716815.655,894.0,894.0
1638716815.954,893.0,894.0
1638716816.257,895.0,894.0
1638716816.556,895.0,894.0
1638716816.855,894.0,894.0
1638716817.154,895.0,894.0
1638716817.457,895.0,894.0
1638716817.756,894.0,894.0
1638716818.055,895.0,894.0
1638716818.358,895.0,894.0
1638716818.658,895.0,894.0
1638716818.957,894.0,894.0
1638716819.259,896.0,894.0
1638716819.559,894.0,894.0
1638716819.858,895.0,894.0
1638716820.161,895.0,894.0
1638716820.46,895.0,894.0
1638716820.759,896.0,894.0
1638716821.058,895.0,895.0
1638716821.361,895.0,895.0
1638716821.66,895.0,895.0
1638716821.959,895.0,895.0
1638716822.262,895.0,895.0
1638716822.561,895.0,895.0
1638716822.86,895.0,895.0
1638716823.163,893.0,895.0
1638716823.462,893.0,894.0
1638716823.761,894.0,894.0
1638716824.064,893.0,894.0
1638716824.363,894.0,894.0
1638716824.662,894.0,894.0
1638716824.961,895.0,894.0
1638716825.264,894.0,894.0
1638716825.563,894.0,894.0
1638716825.862,894.0,893.0
1638716826.165,894.0,893.0
1638716826.464,894.0,893.0
1638716826.763,895.0,894.0
1638716827.066,894.0,894.0
1638716827.365,894.0,894.0
1638716827.664,894.0,894.0
1638716827.967,894.0,894.0
1638716828.266,894.0,894.0
1638716828.565,894.0,894.0
1638716828.864,896.0,894.0
1638716829.167,895.0,894.0
1638716829.467,896.0,894.0
1638716829.765,896.0,894.0
1638716830.068,896.0,894.0
1638716830.367,895.0,894.0
1638716830.667,888.0,895.0
1638716830.969,894.0,894.0
1638716831.268,895.0,894.0
1638716831.568,895.0,894.0
1638716831.87,894.0,894.0
1638716832.17,895.0,894.0
1638716832.469,894.0,894.0
1638716832.768,896.0,894.0
1638716833.071,896.0,894.0
1638716833.37,894.0,894.0
1638716833.669,895.0,894.0
1638716833.972,895.0,894.0
1638716834.271,895.0,894.0
1638716834.57,895.0,894.0
1638716834.873,894.0,894.0
1638716835.172,895.0,894.0
1638716835.471,897.0,894.0
1638716835.774,895.0,895.0
1638716836.073,895.0,895.0
1638716836.372,895.0,895.0
1638716836.671,894.0,895.0
1638716836.974,895.0,895.0
1638716837.273,894.0,895.0
1638716837.572,895.0,894.0
1638716837.875,893.0,894.0
1638716838.174,894.0,894.0
1638716838.474,895.0,894.0
1638716838.776,897.0,894.0
1638716839.075,894.0,894.0
1638716839.374,896.0,894.0
1638716839.677,894.0,894.0
1638716839.976,895.0,894.0
1638716840.275,895.0,894.0
1638716840.574,894.0,894.0
1638716840.877,895.0,894.0
1638716841.176,894.0,894.0
1638716841.475,894.0,894.0
1638716841.778,893.0,894.0
1638716842.077,894.0,894.0
1638716842.376,894.0,894.0
1638716842.679,894.0,894.0
1638716842.978,895.0,894.0
1638716843.277,893.0,894.0
1638716843.58,894.0,894.0
1638716843.88,896.0,894.0
1638716844.179,894.0,894.0
1638716844.478,895.0,894.0
1638716844.781,894.0,894.0
1638716845.08,895.0,894.0
1638716845.379,896.0,894.0
1638716845.682,895.0,894.0
1638716845.981,895.0,894.0
1638716846.28,895.0,894.0
1638716846.583,894.0,894.0
1638716846.882,895.0,894.0
1638716847.181,895.0,894.0
1638716847.484,894.0,894.0
1638716847.783,894.0,894.0
1638716848.082,894.0,894.0
1638716848.381,894.0,894.0
1638716848.684,894.0,894.0
1638716848.983,894.0,894.0
1638716849.282,893.0,894.0
1638716849.585,895.0,894.0
1638716849.884,893.0,894.0
1638716850.183,893.0,894.0
1638716850.486,894.0,893.0
1638716850.785,894.0,893.0
1638716851.084,895.0,893.0
1638716851.387,893.0,893.0
1638716851.686,894.0,893.0
1638716851.985,894.0,893.0
1638716852.284,894.0,893.0
1638716852.587,897.0,893.0
1638716852.886,894.0,894.0
1638716853.185,893.0,894.0
1638716853.488,893.0,894.0
1638716853.787,893.0,894.0
1638716854.086,894.0,894.0
1638716854.389,894.0,893.0
1638716854.688,894.0,894.0
1638716854.987,894.0,894.0
1638716855.29,893.0,894.0
1638716855.589,893.0,893.0
1638716855.888,894.0,893.0
1638716856.188,893.0,893.0
1638716856.49,896.0,893.0
1638716856.79,894.0,893.0
1638716857.089,894.0,893.0
1638716857.392,895.0,893.0
1638716857.691,895.0,894.0
1638716857.99,892.0,894.0
1638716858.293,892.0,893.0
1638716858.592,894.0,893.0
1638716858.891,893.0,893.0
1638716859.194,893.0,893.0
1638716859.493,895.0,893.0
1638716859.792,893.0,893.0
1638716860.091,893.0,893.0
1638716860.394,893.0,893.0
1638716860.693,893.0,893.0
1638716860.992,894.0,893.0
1638716861.295,895.0,893.0
1638716861.594,893.0,893.0
1638716861.893,894.0,893.0
1638716862.196,893.0,893.0
1638716862.495,893.0,893.0
1638716862.794,892.0,893.0
1638716863.097,892.0,893.0
1638716863.396,894.0,893.0
1638716863.695,892.0,893.0
1638716863.994,893.0,893.0
1638716864.297,892.0,893.0
1638716864.596,892.0,892.0
1638716864.895,892.0,892.0
1638716865.198,893.0,892.0
1638716865.497,894.0,892.0
1638716865.796,893.0,892.0
1638716866.099,893.0,892.0
1638716866.398,892.0,892.0
1638716866.697,893.0,892.0
1638716867.0,894.0,892.0
1638716867.299,893.0,892.0
1638716867.598,893.0,892.0
1638716867.897,895.0,893.0
1638716868.2,892.0,893.0
1638716868.5,892.0,893.0
1638716868.799,894.0,893.0
1638716869.101,893.0,893.0
1638716869.4,893.0,893.0
1638716869.7,893.0,893.0
1638716870.002,893.0,893.0
1638716870.302,893.0,893.0
1638716870.601,894.0,893.0
1638716870.904,892.0,893.0
1638716871.203,893.0,892.0
1638716871.502,892.0,893.0
1638716871.801,893.0,893.0
1638716872.104,897.0,892.0
1638716872.403,893.0,893.0
1638716872.702,891.0,893.0
1638716873.005,894.0,893.0
1638716873.304,894.0,893.0
1638716873.603,893.0,893.0
1638716873.906,893.0,893.0
1638716874.205,892.0,893.0
1638716874.504,891.0,893.0
1638716874.807,893.0,893.0
1638716875.106,892.0,893.0
1638716875.405,892.0,892.0
1638716875.704,892.0,892.0
1638716876.007,892.0,892.0
1638716876.306,892.0,892.0
1638716876.605,893.0,892.0
1638716876.908,892.0,892.0
1638716877.207,893.0,892.0
1638716877.506,892.0,892.0
1638716877.809,895.0,892.0
1638716878.108,891.0,892.0
1638716878.407,890.0,892.0
1638716878.71,892.0,892.0
1638716879.009,893.0,892.0
1638716879.308,891.0,892.0
1638716879.607,891.0,892.0
1638716879.91,891.0,892.0
1638716880.209,894.0,891.0
1638716880.508,894.0,892.0
1638716880.811,892.0,892.0
1638716881.11,895.0,891.0
1638716881.41,891.0,892.0
1638716881.712,893.0,892.0
1638716882.012,892.0,892.0
1638716882.311,891.0,892.0
1638716882.614,892.0,892.0
1638716882.913,892.0,892.0
1638716883.212,891.0,892.0
1638716883.511,891.0,892.0
1638716883.814,892.0,892.0
1638716884.113,892.0,892.0
1638716884.412,892.0,891.0
1638716884.715,894.0,891.0
1638716885.014,891.0,891.0
1638716885.313,891.0,891.0
1638716885.616,891.0,891.0
1638716885.915,891.0,891.0
1638716886.214,891.0,891.0
1638716886.517,891.0,891.0
1638716886.816,892.0,891.0
1638716887.115,893.0,891.0
1638716887.414,891.0,891.0
1638716887.717,891.0,891.0
1638716888.016,895.0,891.0
1638716888.315,892.0,891.0
1638716888.618,894.0,891.0
1638716888.917,892.0,892.0
1638716889.216,892.0,892.0
1638716889.519,892.0,892.0
1638716889.818,893.0,892.0
1638716890.117,891.0,892.0
1638716890.42,891.0,892.0
1638716890.719,891.0,892.0
1638716891.018,892.0,892.0
1638716891.317,892.0,892.0
1638716891.62,892.0,892.0
1638716891.919,891.0,891.0
1638716892.218,892.0,891.0
1638716892.521,891.0,891.0
1638716892.82,892.0,891.0
1638716893.12,892.0,891.0
1638716893.422,892.0,891.0
1638716893.721,892.0,891.0
1638716894.02,892.0,891.0
1638716894.323,893.0,891.0
1638716894.623,892.0,891.0
1638716894.922,892.0,891.0
1638716895.221,893.0,892.0
1638716895.523,892.0,892.0
1638716895.823,892.0,892.0
1638716896.122,893.0,892.0
1638716896.425,893.0,892.0
1638716896.724,893.0,892.0
1638716897.023,893.0,892.0
1638716897.326,892.0,892.0
1638716897.625,892.0,892.0
1638716897.924,892.0,892.0
1638716898.227,893.0,892.0
1638716898.526,893.0,892.0
1638716898.825,894.0,892.0
1638716899.124,892.0,892.0
1638716899.427,893.0,892.0
1638716899.726,892.0,892.0
1638716900.025,893.0,892.0
1638716900.328,895.0,892.0
1638716900.627,892.0,892.0
1638716900.926,893.0,892.0
1638716901.229,894.0,893.0
1638716901.528,893.0,893.0
1638716901.827,893.0,893.0
1638716902.13,893.0,893.0
1638716902.429,894.0,893.0
1638716902.728,893.0,893.0
1638716903.027,894.0,893.0
1638716903.33,893.0,893.0
1638716903.629,893.0,893.0
1638716903.928,893.0,893.0
1638716904.231,892.0,893.0
1638716904.53,893.0,893.0
1638716904.829,893.0,893.0
1638716905.132,893.0,893.0
1638716905.431,893.0,893.0
1638716905.73,893.0,893.0
1638716906.033,892.0,893.0
1638716906.332,892.0,892.0
1638716906.631,892.0,892.0
1638716906.931,892.0,892.0
1638716907.233,892.0,892.0
1638716907.533,892.0,892.0
1638716907.832,892.0,892.0
1638716908.134,892.0,892.0
1638716908.434,893.0,892.0
1638716908.733,892.0,892.0
1638716909.036,893.0,892.0
1638716909.335,893.0,892.0
1638716909.634,895.0,892.0
1638716909.937,894.0,892.0
1638716910.236,893.0,892.0
1638716910.535,893.0,892.0
1638716910.834,892.0,893.0
1638716911.137,894.0,893.0
1638716911.436,893.0,893.0
1638716911.735,892.0,893.0
1638716912.038,894.0,893.0
1638716912.337,893.0,893.0
1638716912.636,893.0,893.0
1638716912.939,893.0,893.0
1638716913.238,893.0,893.0
1638716913.537,893.0,893.0
1638716913.836,894.0,893.0
1638716914.139,893.0,893.0
1638716914.438,892.0,893.0
1638716914.737,893.0,893.0
1638716915.04,894.0,893.0
1638716915.339,893.0,893.0
1638716915.638,893.0,893.0
1638716915.941,894.0,893.0
1638716916.24,893.0,893.0
1638716916.539,897.0,893.0
1638716916.842,893.0,893.0
1638716917.141,892.0,893.0
1638716917.44,893.0,893.0
1638716917.739,893.0,893.0
1638716918.042,893.0,893.0
1638716918.341,893.0,893.0
1638716918.64,893.0,893.0
1638716918.943,894.0,893.0
1638716919.242,893.0,893.0
1638716919.542,895.0,893.0
1638716919.844,893.0,893.0
1638716920.144,893.0,893.0
1638716920.443,893.0,893.0
1638716920.746,894.0,893.0
1638716921.045,893.0,893.0
1638716921.344,893.0,893.0
1638716921.643,893.0,893.0
1638716921.946,892.0,893.0
1638716922.245,894.0,893.0
1638716922.544,892.0,893.0
1638716922.847,894.0,893.0
1638716923.146,893.0,893.0
1638716923.445,895.0,893.0
1638716923.748,894.0,893.0
1638716924.047,895.0,893.0
1638716924.346,893.0,893.0
1638716924.649,894.0,893.0
1638716924.948,893.0,893.0
1638716925.247,895.0,893.0
1638716925.546,894.0,893.0
1638716925.849,894.0,894.0
1638716926.148,894.0,894.0
1638716926.447,894.0,894.0
1638716926.75,893.0,894.0
1638716927.049,894.0,893.0
1638716927.348,895.0,893.0
1638716927.651,894.0,894.0
1638716927.95,894.0,894.0
1638716928.249,895.0,894.0
1638716928.552,895.0,894.0
1638716928.851,895.0,894.0
1638716929.15,895.0,894.0
1638716929.449,895.0,894.0
1638716929.752,894.0,894.0
1638716930.051,896.0,894.0
1638716930.35,895.0,894.0
1638716930.653,895.0,894.0
1638716930.952,895.0,894.0
1638716931.251,894.0,895.0
1638716931.554,896.0,894.0
1638716931.853,894.0,895.0
1638716932.152,896.0,894.0
1638716932.456,895.0,895.0
1638716932.755,895.0,895.0
1638716933.054,896.0,895.0
1638716933.353,895.0,895.0
1638716933.656,896.0,895.0
1638716933.955,895.0,895.0
1638716934.254,896.0,895.0
1638716934.557,896.0,895.0
1638716934.856,894.0,895.0
1638716935.155,895.0,895.0
1638716935.458,895.0,895.0
1638716935.757,895.0,895.0
1638716936.056,897.0,895.0
1638716936.359,896.0,895.0
1638716936.658,897.0,895.0
1638716936.957,895.0,895.0
1638716937.256,895.0,895.0
1638716937.559,895.0,895.0
1638716937.858,895.0,895.0
1638716938.157,895.0,895.0
1638716938.46,895.0,895.0
1638716938.759,895.0,895.0
1638716939.058,894.0,895.0
1638716939.361,894.0,895.0
1638716939.66,894.0,895.0
1638716939.959,894.0,894.0
1638716940.262,895.0,894.0
1638716940.561,897.0,894.0
1638716940.86,896.0,894.0
1638716941.159,897.0,894.0
1638716941.462,895.0,895.0
1638716941.761,896.0,895.0
1638716942.06,896.0,895.0
1638716942.363,897.0,895.0
1638716942.662,895.0,895.0
1638716942.961,895.0,895.0
1638716943.264,896.0,895.0
1638716943.563,896.0,896.0
1638716943.862,895.0,895.0
1638716944.165,895.0,895.0
1638716944.464,894.0,895.0
1638716944.763,895.0,895.0
1638716945.063,895.0,895.0
1638716945.366,896.0,895.0
1638716945.665,895.0,895.0
1638716945.964,895.0,895.0
1638716946.267,895.0,895.0
1638716946.566,895.0,895.0
1638716946.865,894.0,895.0
1638716947.168,894.0,894.0
1638716947.467,894.0,894.0
1638716947.766,895.0,894.0
1638716948.069,894.0,894.0
1638716948.368,894.0,894.0
1638716948.667,894.0,894.0
1638716948.966,895.0,894.0
1638716949.269,894.0,894.0
1638716949.568,893.0,894.0
1638716949.867,895.0,894.0
1638716950.17,895.0,894.0
1638716950.469,897.0,894.0
1638716950.768,894.0,894.0
1638716951.071,893.0,894.0
1638716951.37,894.0,894.0
1638716951.669,895.0,894.0
1638716951.972,894.0,894.0
1638716952.271,894.0,894.0
1638716952.57,894.0,894.0
1638716952.869,893.0,894.0
1638716953.172,892.0,894.0
1638716953.471,894.0,894.0
1638716953.77,893.0,893.0
1638716954.073,895.0,893.0
1638716954.372,894.0,893.0
1638716954.671,894.0,893.0
1638716954.974,895.0,893.0
1638716955.273,893.0,893.0
1638716955.572,891.0,893.0
1638716955.875,893.0,893.0
1638716956.174,894.0,893.0
1638716956.473,893.0,893.0
1638716956.773,894.0,893.0
1638716957.075,894.0,893.0
1638716957.375,894.0,893.0
1638716957.674,893.0,893.0
1638716957.976,894.0,893.0
1638716958.276,894.0,893.0
1638716958.575,894.0,893.0
1638716958.878,893.0,893.0
1638716959.177,895.0,893.0
1638716959.476,895.0,893.0
1638716959.779,893.0,894.0
1638716960.078,894.0,893.0
1638716960.377,894.0,893.0
1638716960.676,894.0,893.0
1638716960.979,894.0,894.0
1638716961.278,897.0,894.0
1638716961.577,893.0,894.0
1638716961.88,895.0,894.0
1638716962.179,894.0,894.0
1638716962.478,894.0,894.0
1638716962.781,894.0,894.0
1638716963.08,895.0,894.0
1638716963.379,893.0,894.0
1638716963.682,894.0,894.0
1638716963.981,893.0,894.0
1638716964.28,892.0,894.0
1638716964.579,892.0,893.0
1638716964.882,892.0,893.0
1638716965.181,893.0,893.0
1638716965.48,893.0,893.0
1638716965.783,894.0,893.0
1638716966.082,894.0,893.0
1638716966.381,893.0,893.0
1638716966.684,895.0,893.0
1638716966.983,893.0,893.0
1638716967.282,893.0,893.0
1638716967.585,893.0,893.0
1638716967.884,893.0,893.0
1638716968.183,893.0,893.0
1638716968.482,893.0,893.0
1638716968.785,894.0,893.0
1638716969.084,893.0,893.0
1638716969.384,894.0,893.0
1638716969.686,893.0,893.0
1638716969.985,893.0,893.0
1638716970.285,893.0,893.0
1638716970.587,894.0,893.0
1638716970.887,895.0,893.0
1638716971.186,893.0,893.0
1638716971.489,895.0,893.0
1638716971.788,894.0,893.0
1638716972.087,893.0,893.0
1638716972.386,893.0,893.0
1638716972.689,894.0,893.0
1638716972.988,895.0,893.0
1638716973.287,894.0,893.0
1638716973.59,893.0,894.0
1638716973.889,893.0,893.0
1638716974.188,892.0,893.0
1638716974.491,893.0,893.0
1638716974.79,892.0,893.0
1638716975.089,893.0,893.0
1638716975.392,893.0,893.0
1638716975.691,893.0,893.0
1638716975.99,892.0,893.0
1638716976.289,892.0,892.0
1638716976.592,893.0,892.0
1638716976.891,893.0,892.0
1638716977.19,893.0,892.0
1638716977.493,893.0,892.0
1638716977.792,893.0,892.0
1638716978.091,893.0,892.0
1638716978.394,894.0,892.0
1638716978.693,895.0,892.0
1638716978.992,894.0,893.0
1638716979.295,893.0,893.0
1638716979.594,893.0,893.0
1638716979.893,894.0,893.0
1638716980.192,893.0,893.0
1638716980.495,893.0,893.0
1638716980.794,892.0,893.0
1638716981.093,892.0,893.0
1638716981.396,892.0,893.0
1638716981.695,892.0,893.0
1638716981.995,892.0,892.0
1638716982.297,893.0,892.0
1638716982.596,892.0,892.0
1638716982.896,894.0,892.0
1638716983.195,893.0,892.0
1638716983.498,893.0,892.0
1638716983.797,893.0,892.0
1638716984.096,894.0,892.0
1638716984.399,893.0,892.0
1638716984.698,893.0,892.0
1638716984.997,893.0,893.0
1638716985.3,892.0,893.0
1638716985.599,893.0,893.0
1638716985.898,893.0,893.0
1638716986.201,894.0,893.0
1638716986.5,893.0,893.0
1638716986.799,892.0,893.0
1638716987.098,893.0,893.0
1638716987.401,892.0,892.0
1638716987.7,892.0,892.0
1638716987.999,893.0,892.0
1638716988.302,893.0,892.0
1638716988.601,893.0,892.0
1638716988.9,893.0,892.0
1638716989.203,893.0,892.0
1638716989.502,893.0,892.0
1638716989.801,892.0,892.0
1638716990.104,892.0,892.0
1638716990.403,892.0,892.0
1638716990.702,893.0,892.0
1638716991.001,892.0,892.0
1638716991.304,892.0,892.0
1638716991.603,893.0,892.0
1638716991.902,893.0,892.0
1638716992.205,893.0,892.0
1638716992.504,893.0,892.0
1638716992.803,892.0,892.0
1638716993.106,892.0,892.0
1638716993.405,892.0,892.0
1638716993.704,892.0,892.0
1638716994.007,893.0,892.0
1638716994.306,892.0,892.0
1638716994.605,893.0,892.0
1638716994.905,891.0,892.0
1638716995.207,892.0,892.0
1638716995.507,892.0,892.0
1638716995.806,893.0,892.0
1638716996.108,892.0,892.0
1638716996.408,894.0,892.0
1638716996.707,891.0,892.0
1638716997.01,892.0,892.0
1638716997.309,892.0,892.0
1638716997.608,892.0,892.0
1638716997.911,893.0,892.0
1638716998.21,891.0,892.0
1638716998.509,892.0,892.0
1638716998.808,892.0,892.0
1638716999.111,891.0,892.0
1638716999.41,891.0,892.0
1638716999.709,892.0,891.0
1638717000.012,893.0,891.0
1638717000.311,893.0,891.0
1638717000.61,892.0,892.0
1638717000.913,892.0,892.0
1638717001.212,892.0,891.0
1638717001.511,892.0,892.0
1638717001.814,892.0,892.0
1638717002.113,893.0,892.0
1638717002.412,891.0,892.0
1638717002.711,891.0,892.0
1638717003.014,892.0,892.0
1638717003.313,892.0,892.0
1638717003.612,893.0,891.0
1638717003.915,894.0,892.0
1638717004.214,894.0,892.0
1638717004.513,891.0,892.0
1638717004.816,892.0,892.0
1638717005.115,892.0,892.0
1638717005.414,892.0,892.0
1638717005.717,892.0,892.0
1638717006.016,891.0,892.0
1638717006.315,892.0,892.0
1638717006.614,893.0,892.0
1638717006.917,891.0,892.0
1638717007.216,892.0,892.0
1638717007.516,893.0,891.0
1638717007.818,892.0,892.0
1638717008.118,891.0,892.0
1638717008.417,892.0,891.0
1638717008.72,893.0,891.0
1638717009.019,894.0,892.0
1638717009.318,892.0,892.0
1638717009.621,892.0,892.0
1638717009.92,892.0,892.0
1638717010.219,893.0,892.0
1638717010.518,892.0,892.0
1638717010.821,892.0,892.0
1638717011.12,892.0,892.0
1638717011.419,892.0,892.0
1638717011.722,891.0,892.0
1638717012.021,892.0,892.0
1638717012.32,892.0,892.0
1638717012.623,892.0,892.0
1638717012.922,892.0,892.0
1638717013.221,895.0,892.0
1638717013.524,892.0,892.0
1638717013.823,892.0,892.0
1638717014.122,892.0,892.0
1638717014.421,892.0,892.0
1638717014.724,892.0,892.0
1638717015.023,892.0,892.0
1638717015.322,893.0,892.0
1638717015.625,891.0,892.0
1638717015.924,892.0,892.0
1638717016.223,891.0,892.0
1638717016.526,892.0,891.0
1638717016.825,893.0,891.0
1638717017.124,894.0,892.0
1638717017.427,891.0,892.0
1638717017.726,894.0,892.0
1638717018.025,892.0,892.0
1638717018.324,891.0,892.0
1638717018.627,891.0,892.0
1638717018.926,891.0,892.0
1638717019.225,892.0,892.0
1638717019.528,891.0,892.0
1638717019.827,891.0,892.0
1638717020.127,891.0,891.0
1638717020.429,891.0,891.0
1638717020.728,892.0,891.0
1638717021.028,892.0,891.0
1638717021.33,892.0,891.0
1638717021.63,892.0,891.0
1638717021.929,892.0,891.0
1638717022.228,893.0,891.0
1638717022.531,892.0,891.0
1638717022.83,892.0,891.0
1638717023.129,895.0,891.0
1638717023.432,895.0,892.0
1638717023.731,892.0,892.0
1638717024.03,894.0,892.0
1638717024.333,892.0,892.0
1638717024.632,891.0,892.0
1638717024.931,892.0,892.0
1638717025.234,892.0,892.0
1638717025.533,892.0,892.0
1638717025.832,891.0,892.0
1638717026.131,892.0,892.0
1638717026.434,891.0,892.0
1638717026.733,892.0,891.0
1638717027.032,891.0,891.0
1638717027.335,892.0,891.0
1638717027.634,892.0,891.0
1638717027.933,894.0,891.0
1638717028.236,893.0,891.0
1638717028.535,893.0,892.0
1638717028.834,891.0,892.0
1638717029.137,892.0,892.0
1638717029.436,891.0,892.0
1638717029.735,892.0,892.0
1638717030.034,891.0,892.0
1638717030.337,892.0,892.0
1638717030.636,893.0,892.0
1638717030.935,892.0,892.0
1638717031.238,892.0,892.0
1638717031.538,892.0,891.0
1638717031.836,892.0,891.0
1638717032.139,891.0,891.0
1638717032.438,892.0,891.0
1638717032.737,891.0,891.0
1638717033.04,892.0,891.0
1638717033.34,892.0,891.0
1638717033.639,894.0,891.0
1638717033.938,891.0,892.0
1638717034.241,892.0,891.0
1638717034.54,894.0,891.0
1638717034.839,891.0,892.0
1638717035.142,892.0,892.0
1638717035.441,893.0,892.0
1638717035.74,891.0,892.0
1638717036.043,892.0,892.0
1638717036.342,892.0,892.0
1638717036.641,892.0,892.0
1638717036.944,891.0,892.0
1638717037.243,891.0,892.0
1638717037.542,891.0,891.0
1638717037.841,892.0,891.0
1638717038.144,892.0,891.0
1638717038.443,893.0,891.0
1638717038.742,891.0,891.0
1638717039.045,891.0,891.0
1638717039.344,891.0,891.0
1638717039.643,892.0,891.0
1638717039.946,892.0,891.0
1638717040.245,893.0,891.0
1638717040.544,893.0,891.0
1638717040.847,892.0,892.0
1638717041.146,892.0,892.0
1638717041.445,892.0,892.0
1638717041.744,892.0,891.0
1638717042.047,891.0,892.0
1638717042.346,891.0,892.0
1638717042.645,892.0,892.0
1638717042.948,892.0,892.0
1638717043.247,892.0,892.0
1638717043.546,892.0,891.0
1638717043.849,893.0,891.0
1638717044.148,893.0,891.0
1638717044.447,892.0,892.0
1638717044.75,892.0,892.0
1638717045.049,891.0,892.0
1638717045.348,892.0,892.0
1638717045.648,890.0,892.0
1638717045.95,892.0,891.0
1638717046.25,892.0,891.0
1638717046.549,891.0,891.0
1638717046.851,891.0,891.0
1638717047.151,893.0,891.0
1638717047.45,891.0,891.0
1638717047.753,891.0,891.0
1638717048.052,891.0,891.0
1638717048.351,891.0,891.0
1638717048.654,890.0,891.0
1638717048.953,892.0,891.0
1638717049.252,891.0,891.0
1638717049.551,892.0,891.0
1638717049.854,891.0,891.0
1638717050.153,891.0,891.0
1638717050.452,891.0,891.0
1638717050.755,892.0,891.0
1638717051.054,891.0,891.0
1638717051.353,891.0,891.0
1638717051.656,891.0,891.0
1638717051.955,891.0,891.0
1638717052.254,892.0,891.0
1638717052.557,895.0,891.0
1638717052.856,892.0,891.0
1638717053.155,893.0,891.0
1638717053.454,895.0,891.0
1638717053.757,892.0,892.0
1638717054.056,892.0,892.0
1638717054.355,892.0,892.0
1638717054.658,894.0,892.0
1638717054.957,890.0,892.0
1638717055.256,892.0,892.0
1638717055.559,892.0,892.0
1638717055.858,891.0,892.0
1638717056.157,894.0,892.0
1638717056.456,892.0,892.0
1638717056.759,892.0,892.0
1638717057.058,891.0,892.0
1638717057.357,892.0,892.0
1638717057.66,891.0,892.0
1638717057.96,894.0,891.0
1638717058.259,894.0,892.0
1638717058.561,890.0,892.0
1638717058.86,892.0,892.0
1638717059.16,891.0,892.0
1638717059.463,892.0,891.0
1638717059.762,891.0,891.0
1638717060.061,891.0,891.0
1638717060.36,892.0,891.0
1638717060.663,893.0,891.0
1638717060.962,892.0,892.0
1638717061.261,892.0,891.0
1638717061.564,892.0,891.0
1638717061.863,895.0,891.0
1638717062.162,892.0,892.0
1638717062.465,893.0,892.0
1638717062.764,893.0,892.0
1638717063.063,891.0,892.0
1638717063.366,893.0,892.0
1638717063.665,891.0,892.0
1638717063.964,893.0,892.0
1638717064.263,892.0,892.0
1638717064.566,892.0,892.0
1638717064.865,891.0,892.0
1638717065.164,891.0,892.0
1638717065.467,892.0,892.0
1638717065.766,892.0,891.0
1638717066.065,892.0,891.0
1638717066.368,892.0,891.0
1638717066.667,892.0,891.0
1638717066.966,892.0,891.0
1638717067.269,890.0,891.0
1638717067.568,891.0,891.0
1638717067.867,891.0,891.0
1638717068.166,891.0,891.0
1638717068.469,892.0,891.0
1638717068.768,892.0,891.0
1638717069.067,891.0,891.0
1638717069.37,891.0,891.0
1638717069.669,891.0,891.0
1638717069.968,891.0,891.0
1638717070.271,890.0,891.0
1638717070.57,890.0,891.0
1638717070.87,892.0,891.0
1638717071.172,891.0,891.0
1638717071.471,892.0,891.0
1638717071.771,892.0,891.0
1638717072.07,892.0,891.0
1638717072.373,891.0,891.0
1638717072.672,891.0,891.0
1638717072.971,892.0,891.0
1638717073.274,892.0,891.0
1638717073.573,895.0,891.0
1638717073.872,895.0,892.0
1638717074.175,892.0,892.0
1638717074.474,892.0,892.0
1638717074.773,891.0,892.0
1638717075.076,891.0,892.0
1638717075.375,892.0,892.0
1638717075.674,891.0,892.0
1638717075.973,892.0,892.0
1638717076.276,891.0,892.0
1638717076.575,891.0,892.0
1638717076.874,893.0,891.0
1638717077.177,892.0,891.0
1638717077.476,891.0,891.0
1638717077.775,891.0,891.0
1638717078.078,891.0,891.0
1638717078.377,892.0,891.0
1638717078.676,892.0,891.0
1638717078.979,892.0,891.0
1638717079.278,893.0,891.0
1638717079.577,893.0,891.0
1638717079.876,892.0,892.0
1638717080.179,895.0,891.0
1638717080.478,891.0,892.0
1638717080.777,893.0,892.0
1638717081.08,892.0,892.0
1638717081.379,892.0,892.0
1638717081.678,893.0,892.0
1638717081.981,892.0,892.0
1638717082.28,892.0,892.0
1638717082.579,892.0,892.0
1638717082.882,892.0,892.0
1638717083.181,892.0,892.0
1638717083.48,891.0,892.0
1638717083.78,892.0,892.0
1638717084.082,893.0,892.0
1638717084.382,892.0,892.0
1638717084.681,892.0,892.0
1638717084.984,892.0,892.0
1638717085.283,893.0,892.0
1638717085.582,892.0,892.0
1638717085.885,891.0,892.0
1638717086.184,891.0,892.0
1638717086.483,895.0,891.0
1638717086.786,892.0,892.0
1638717087.085,892.0,892.0
1638717087.384,892.0,892.0
1638717087.683,895.0,892.0
1638717087.986,892.0,892.0
1638717088.285,892.0,892.0
1638717088.584,892.0,892.0
1638717088.887,892.0,892.0
1638717089.186,892.0,892.0
1638717089.485,892.0,892.0
1638717089.788,891.0,892.0
1638717090.087,892.0,892.0
1638717090.386,893.0,892.0
1638717090.689,891.0,892.0
1638717090.988,891.0,891.0
1638717091.287,893.0,891.0
1638717091.586,892.0,891.0
1638717091.889,890.0,891.0
1638717092.188,894.0,891.0
1638717092.487,894.0,891.0
1638717092.79,891.0,892.0
1638717093.089,892.0,892.0
1638717093.388,893.0,892.0
1638717093.691,893.0,892.0
1638717093.99,892.0,892.0
1638717094.289,892.0,892.0
1638717094.592,891.0,892.0
1638717094.891,893.0,892.0
1638717095.19,891.0,892.0
1638717095.49,891.0,892.0
1638717095.792,892.0,891.0
1638717096.091,895.0,892.0
1638717096.391,892.0,892.0
1638717096.693,891.0,892.0
1638717096.993,892.0,892.0
1638717097.292,891.0,892.0
1638717097.594,894.0,891.0
1638717097.894,892.0,892.0
1638717098.193,893.0,892.0
1638717098.496,892.0,892.0
1638717098.795,893.0,892.0
1638717099.094,894.0,892.0
1638717099.393,891.0,892.0
1638717099.696,892.0,892.0
1638717099.995,892.0,892.0
1638717100.294,893.0,892.0
1638717100.597,892.0,892.0
1638717100.896,892.0,892.0
1638717101.195,890.0,892.0
1638717101.498,892.0,892.0
1638717101.797,892.0,892.0
1638717102.096,891.0,892.0
1638717102.399,891.0,891.0
1638717102.698,892.0,891.0
1638717102.997,891.0,891.0
1638717103.296,894.0,891.0
1638717103.599,892.0,891.0
1638717103.898,890.0,891.0
1638717104.197,891.0,891.0
1638717104.5,891.0,891.0
1638717104.799,891.0,891.0
1638717105.098,890.0,891.0
1638717105.401,891.0,891.0
1638717105.7,893.0,891.0
1638717105.999,891.0,891.0
1638717106.302,891.0,891.0
1638717106.601,893.0,891.0
1638717106.9,895.0,891.0
1638717107.199,894.0,891.0
1638717107.502,891.0,892.0
1638717107.801,892.0,892.0
1638717108.101,892.0,892.0
1638717108.403,891.0,892.0
1638717108.702,891.0,892.0
1638717109.002,890.0,892.0
1638717109.304,892.0,892.0
1638717109.603,892.0,892.0
1638717109.903,891.0,892.0
1638717110.202,892.0,891.0
1638717110.505,892.0,891.0
1638717110.804,891.0,891.0
1638717111.103,890.0,891.0
1638717111.406,890.0,891.0
1638717111.705,890.0,891.0
1638717112.004,890.0,891.0
1638717112.307,890.0,891.0
1638717112.606,890.0,890.0
1638717112.905,891.0,890.0
1638717113.208,890.0,890.0
1638717113.507,890.0,890.0
1638717113.806,892.0,890.0
1638717114.105,891.0,890.0
1638717114.408,890.0,890.0
1638717114.707,890.0,890.0
1638717115.006,890.0,890.0
1638717115.309,892.0,890.0
1638717115.608,892.0,890.0
1638717115.907,889.0,890.0
1638717116.21,891.0,890.0
1638717116.509,891.0,890.0
1638717116.808,891.0,890.0
1638717117.111,891.0,890.0
1638717117.41,890.0,890.0
1638717117.709,893.0,890.0
1638717118.008,891.0,891.0
1638717118.311,890.0,891.0
1638717118.61,890.0,890.0
1638717118.909,889.0,890.0
1638717119.212,889.0,890.0
1638717119.511,891.0,890.0
1638717119.81,892.0,890.0
1638717120.113,891.0,890.0
1638717120.412,891.0,890.0
1638717120.711,890.0,890.0
1638717121.014,890.0,890.0
1638717121.313,890.0,890.0
1638717121.613,891.0,890.0
1638717121.912,891.0,890.0
1638717122.215,889.0,890.0
1638717122.514,890.0,890.0
1638717122.813,890.0,890.0
1638717123.116,890.0,890.0
1638717123.415,891.0,890.0
1638717123.714,895.0,890.0
1638717124.017,892.0,890.0
1638717124.316,891.0,890.0
1638717124.615,891.0,891.0
1638717124.918,891.0,891.0
1638717125.217,894.0,891.0
1638717125.516,893.0,891.0
1638717125.815,890.0,891.0
1638717126.118,891.0,891.0
1638717126.417,891.0,891.0
1638717126.716,891.0,891.0
1638717127.019,890.0,891.0
1638717127.318,891.0,891.0
1638717127.617,890.0,891.0
1638717127.92,889.0,891.0
1638717128.219,890.0,891.0
1638717128.518,889.0,890.0
1638717128.821,890.0,890.0
1638717129.12,891.0,890.0
1638717129.419,890.0,890.0
1638717129.718,891.0,890.0
1638717130.021,893.0,890.0
1638717130.32,891.0,890.0
1638717130.619,891.0,890.0
1638717130.922,892.0,890.0
1638717131.221,891.0,890.0
1638717131.52,890.0,890.0
1638717131.823,891.0,891.0
1638717132.122,893.0,891.0
1638717132.421,890.0,891.0
1638717132.724,890.0,891.0
1638717133.023,889.0,891.0
1638717133.322,891.0,890.0
1638717133.621,890.0,890.0
1638717133.924,890.0,890.0
1638717134.223,889.0,890.0
1638717134.523,892.0,890.0
1638717134.825,891.0,890.0
1638717135.125,890.0,890.0
1638717135.424,891.0,890.0
1638717135.727,891.0,890.0
1638717136.026,890.0,890.0
1638717136.325,889.0,890.0
1638717136.628,890.0,890.0
1638717136.927,890.0,890.0
1638717137.226,889.0,890.0
1638717137.525,889.0,890.0
1638717137.828,890.0,890.0
1638717138.127,889.0,889.0
1638717138.426,893.0,889.0
1638717138.729,890.0,890.0
1638717139.028,890.0,889.0
1638717139.327,890.0,889.0
1638717139.63,891.0,890.0
1638717139.929,890.0,890.0
1638717140.228,890.0,890.0
1638717140.531,891.0,890.0
1638717140.83,890.0,890.0
1638717141.129,889.0,890.0
1638717141.428,893.0,890.0
1638717141.731,890.0,890.0
1638717142.03,891.0,890.0
1638717142.329,890.0,890.0
1638717142.632,892.0,890.0
1638717142.931,890.0,890.0
1638717143.23,890.0,890.0
1638717143.533,890.0,890.0
1638717143.832,889.0,890.0
1638717144.131,890.0,890.0
1638717144.434,891.0,890.0
1638717144.733,891.0,890.0
1638717145.032,889.0,890.0
1638717145.331,892.0,890.0
1638717145.634,889.0,890.0
1638717145.933,891.0,890.0
1638717146.232,889.0,890.0
1638717146.535,890.0,890.0
1638717146.834,890.0,890.0
1638717147.134,891.0,890.0
1638717147.436,894.0,890.0
1638717147.736,891.0,890.0
1638717148.035,890.0,890.0
1638717148.338,891.0,890.0
1638717148.637,891.0,890.0
1638717148.936,890.0,890.0
1638717149.235,890.0,890.0
1638717149.538,889.0,890.0
1638717149.837,891.0,890.0
1638717150.136,890.0,890.0
1638717150.439,890.0,890.0
1638717150.738,890.0,890.0
