1636717856.464,743539.448,13.758
1636717856.767,731268.888,731268.888
1636717857.066,731268.888,731268.888
1636717857.369,731268.888,731268.888
1636717857.668,731268.888,731268.888
1636717857.967,731268.888,731268.888
1636717858.266,731268.888,731268.888
1636717858.569,731268.888,731268.888
1636717858.868,743539.448,731268.888
1636717859.167,743539.448,731268.888
1636717859.47,756173.661,731268.888
1636717859.769,743539.448,731268.888
1636717860.069,731268.888,731268.888
1636717860.371,731268.888,731268.888
1636717860.67,731268.888,731268.888
1636717860.97,743539.448,731268.888
1636717861.272,731268.888,731268.888
1636717861.571,731268.888,731268.888
1636717861.871,756173.661,731268.888
1636717862.17,731268.888,731268.888
1636717862.473,743539.448,731268.888
1636717862.772,731268.888,731268.888
1636717863.071,731268.888,731268.888
1636717863.374,731268.888,731268.888
1636717863.673,731268.888,731268.888
1636717863.972,743539.448,731268.888
1636717864.275,731268.888,731268.888
1636717864.574,731268.888,731268.888
1636717864.873,731268.888,731268.888
1636717865.176,743539.448,731268.888
1636717865.475,731268.888,731268.888
1636717865.774,743539.448,731268.888
1636717866.073,731268.888,731268.888
1636717866.376,731268.888,731268.888
1636717866.675,743539.448,731268.888
1636717866.974,731268.888,731268.888
1636717867.277,731268.888,731268.888
1636717867.576,731268.888,731268.888
1636717867.875,731268.888,731268.888
1636717868.178,731268.888,731268.888
1636717868.477,743539.448,731268.888
1636717868.776,743539.448,731268.888
1636717869.079,731268.888,731268.888
1636717869.378,743539.448,731268.888
1636717869.677,743539.448,731268.888
1636717869.976,731268.888,731268.888
1636717870.279,743539.448,731268.888
1636717870.578,743539.448,731268.888
1636717870.877,743539.448,731268.888
1636717871.18,731268.888,731268.888
1636717871.479,743539.448,731268.888
1636717871.778,743539.448,731268.888
1636717872.081,731268.888,731268.888
1636717872.38,731268.888,731268.888
1636717872.679,731268.888,731268.888
1636717872.982,731268.888,731268.888
1636717873.281,731268.888,731268.888
1636717873.58,743539.448,731268.888
1636717873.88,743539.448,731268.888
1636717874.182,743539.448,731268.888
1636717874.482,756173.661,731268.888
1636717874.781,756173.661,731268.888
1636717875.083,743539.448,731268.888
1636717875.383,731268.888,731268.888
1636717875.682,743539.448,731268.888
1636717875.985,731268.888,731268.888
1636717876.284,731268.888,731268.888
1636717876.583,743539.448,731268.888
1636717876.886,731268.888,731268.888
1636717877.185,731268.888,731268.888
1636717877.484,731268.888,731268.888
1636717877.783,743539.448,731268.888
1636717878.086,743539.448,731268.888
1636717878.385,731268.888,731268.888
1636717878.684,731268.888,731268.888
1636717878.987,743539.448,731268.888
1636717879.286,731268.888,731268.888
1636717879.585,731268.888,731268.888
1636717879.888,731268.888,731268.888
1636717880.187,731268.888,731268.888
1636717880.486,756173.661,731268.888
1636717880.785,731268.888,731268.888
1636717881.088,719346.899,731268.888
1636717881.387,731268.888,731268.888
1636717881.686,731268.888,731268.888
1636717881.989,731268.888,731268.888
1636717882.288,731268.888,731268.888
1636717882.587,731268.888,731268.888
1636717882.89,731268.888,731268.888
1636717883.189,731268.888,731268.888
1636717883.488,731268.888,731268.888
1636717883.791,731268.888,719346.899
1636717884.09,731268.888,719346.899
1636717884.389,731268.888,731268.888
1636717884.688,756173.661,731268.888
1636717884.991,731268.888,731268.888
1636717885.29,731268.888,731268.888
1636717885.59,731268.888,731268.888
1636717885.892,731268.888,731268.888
1636717886.192,731268.888,731268.888
1636717886.49,743539.448,731268.888
1636717886.793,743539.448,731268.888
1636717887.092,743539.448,731268.888
1636717887.392,743539.448,731268.888
1636717887.695,731268.888,731268.888
1636717887.994,743539.448,731268.888
1636717888.293,731268.888,731268.888
1636717888.592,731268.888,731268.888
1636717888.895,743539.448,731268.888
1636717889.194,743539.448,731268.888
1636717889.493,731268.888,731268.888
1636717889.796,731268.888,731268.888
1636717890.095,731268.888,731268.888
1636717890.394,731268.888,731268.888
1636717890.697,731268.888,731268.888
1636717890.996,756173.661,731268.888
1636717891.295,731268.888,731268.888
1636717891.598,731268.888,731268.888
1636717891.897,731268.888,731268.888
1636717892.196,731268.888,731268.888
1636717892.495,731268.888,731268.888
1636717892.798,731268.888,731268.888
1636717893.097,731268.888,731268.888
1636717893.396,731268.888,731268.888
1636717893.699,731268.888,731268.888
1636717893.998,719346.899,731268.888
1636717894.297,731268.888,719346.899
1636717894.6,743539.448,719346.899
1636717894.899,743539.448,731268.888
1636717895.198,731268.888,731268.888
1636717895.501,731268.888,731268.888
1636717895.8,719346.899,731268.888
1636717896.099,731268.888,731268.888
1636717896.398,731268.888,731268.888
1636717896.701,743539.448,731268.888
1636717897.0,731268.888,731268.888
1636717897.299,743539.448,731268.888
1636717897.602,743539.448,731268.888
1636717897.901,731268.888,731268.888
1636717898.2,731268.888,731268.888
1636717898.503,731268.888,731268.888
1636717898.802,743539.448,731268.888
1636717899.102,731268.888,731268.888
1636717899.404,719346.899,731268.888
1636717899.704,743539.448,731268.888
1636717900.003,731268.888,731268.888
1636717900.302,731268.888,731268.888
1636717900.605,731268.888,731268.888
1636717900.904,743539.448,731268.888
1636717901.203,743539.448,731268.888
1636717901.506,731268.888,731268.888
1636717901.805,731268.888,731268.888
1636717902.104,719346.899,731268.888
1636717902.407,731268.888,731268.888
1636717902.706,743539.448,731268.888
1636717903.005,731268.888,731268.888
1636717903.308,731268.888,731268.888
1636717903.607,731268.888,731268.888
1636717903.906,731268.888,731268.888
1636717904.205,731268.888,731268.888
1636717904.508,743539.448,731268.888
1636717904.807,743539.448,731268.888
1636717905.106,743539.448,731268.888
1636717905.409,731268.888,731268.888
1636717905.708,743539.448,731268.888
1636717906.007,756173.661,731268.888
1636717906.31,731268.888,731268.888
1636717906.609,731268.888,731268.888
1636717906.908,743539.448,731268.888
1636717907.207,731268.888,731268.888
1636717907.51,731268.888,731268.888
1636717907.809,731268.888,731268.888
1636717908.108,731268.888,731268.888
1636717908.411,743539.448,731268.888
1636717908.71,743539.448,731268.888
1636717909.009,731268.888,731268.888
1636717909.312,731268.888,731268.888
1636717909.611,731268.888,731268.888
1636717909.91,743539.448,731268.888
1636717910.213,731268.888,731268.888
1636717910.512,743539.448,731268.888
1636717910.811,743539.448,731268.888
1636717911.11,731268.888,731268.888
1636717911.413,731268.888,731268.888
1636717911.713,731268.888,731268.888
1636717912.012,756173.661,731268.888
1636717912.314,731268.888,731268.888
1636717912.614,731268.888,731268.888
1636717912.913,743539.448,731268.888
1636717913.216,743539.448,731268.888
1636717913.515,731268.888,731268.888
1636717913.814,756173.661,731268.888
1636717914.117,731268.888,731268.888
1636717914.416,756173.661,731268.888
1636717914.715,743539.448,731268.888
1636717915.014,743539.448,731268.888
1636717915.317,743539.448,731268.888
1636717915.616,743539.448,731268.888
1636717915.915,731268.888,743539.448
1636717916.218,731268.888,731268.888
1636717916.517,743539.448,731268.888
1636717916.816,743539.448,731268.888
1636717917.119,731268.888,731268.888
1636717917.418,743539.448,731268.888
1636717917.717,743539.448,731268.888
1636717918.02,743539.448,731268.888
1636717918.319,743539.448,731268.888
1636717918.618,743539.448,731268.888
1636717918.917,731268.888,731268.888
1636717919.22,731268.888,731268.888
1636717919.519,743539.448,731268.888
1636717919.818,743539.448,731268.888
1636717920.121,731268.888,731268.888
1636717920.42,731268.888,731268.888
1636717920.719,743539.448,731268.888
1636717921.022,743539.448,731268.888
1636717921.321,731268.888,731268.888
1636717921.62,756173.661,731268.888
1636717921.923,743539.448,731268.888
1636717922.222,731268.888,731268.888
1636717922.521,756173.661,731268.888
1636717922.82,756173.661,731268.888
1636717923.123,731268.888,731268.888
1636717923.422,743539.448,731268.888
1636717923.722,743539.448,743539.448
1636717924.024,743539.448,743539.448
1636717924.323,731268.888,743539.448
1636717924.623,743539.448,743539.448
1636717924.925,731268.888,731268.888
1636717925.225,743539.448,731268.888
1636717925.524,743539.448,731268.888
1636717925.827,743539.448,731268.888
1636717926.126,743539.448,731268.888
1636717926.425,743539.448,731268.888
1636717926.724,731268.888,731268.888
1636717927.027,731268.888,731268.888
1636717927.326,743539.448,731268.888
1636717927.625,731268.888,731268.888
1636717927.928,731268.888,731268.888
1636717928.227,731268.888,731268.888
1636717928.526,731268.888,731268.888
1636717928.829,743539.448,731268.888
1636717929.128,743539.448,731268.888
1636717929.427,731268.888,731268.888
1636717929.726,756173.661,731268.888
1636717930.029,756173.661,731268.888
1636717930.328,743539.448,731268.888
1636717930.627,743539.448,731268.888
1636717930.93,743539.448,731268.888
1636717931.229,743539.448,731268.888
1636717931.528,731268.888,743539.448
1636717931.831,743539.448,743539.448
1636717932.13,743539.448,743539.448
1636717932.429,743539.448,743539.448
1636717932.732,731268.888,743539.448
1636717933.031,731268.888,731268.888
1636717933.33,731268.888,731268.888
1636717933.629,743539.448,731268.888
1636717933.932,743539.448,731268.888
1636717934.231,731268.888,731268.888
1636717934.53,743539.448,731268.888
1636717934.833,731268.888,731268.888
1636717935.132,731268.888,731268.888
1636717935.431,731268.888,731268.888
1636717935.734,743539.448,731268.888
1636717936.033,743539.448,731268.888
1636717936.332,769187.481,731268.888
1636717936.635,731268.888,731268.888
1636717936.934,743539.448,731268.888
1636717937.234,743539.448,731268.888
1636717937.532,731268.888,731268.888
1636717937.835,743539.448,731268.888
1636717938.135,731268.888,731268.888
1636717938.434,743539.448,731268.888
1636717938.737,731268.888,731268.888
1636717939.036,743539.448,731268.888
1636717939.335,743539.448,731268.888
1636717939.638,743539.448,731268.888
1636717939.937,731268.888,731268.888
1636717940.236,743539.448,731268.888
1636717940.539,756173.661,731268.888
1636717940.838,731268.888,731268.888
1636717941.137,743539.448,731268.888
1636717941.436,743539.448,731268.888
1636717941.739,743539.448,731268.888
1636717942.038,731268.888,731268.888
1636717942.337,731268.888,731268.888
1636717942.64,743539.448,731268.888
1636717942.939,743539.448,731268.888
1636717943.238,731268.888,731268.888
1636717943.541,731268.888,731268.888
1636717943.84,743539.448,731268.888
1636717944.139,743539.448,731268.888
1636717944.442,743539.448,731268.888
1636717944.741,743539.448,731268.888
1636717945.04,743539.448,731268.888
1636717945.339,743539.448,731268.888
1636717945.642,731268.888,731268.888
1636717945.941,743539.448,731268.888
1636717946.24,743539.448,731268.888
1636717946.543,743539.448,731268.888
1636717946.842,743539.448,731268.888
1636717947.141,743539.448,731268.888
1636717947.444,756173.661,731268.888
1636717947.743,743539.448,743539.448
1636717948.042,743539.448,743539.448
1636717948.345,743539.448,743539.448
1636717948.644,743539.448,743539.448
1636717948.943,743539.448,743539.448
1636717949.243,743539.448,743539.448
1636717949.545,743539.448,743539.448
1636717949.845,743539.448,743539.448
1636717950.144,743539.448,743539.448
1636717950.446,743539.448,743539.448
1636717950.746,731268.888,743539.448
1636717951.045,731268.888,731268.888
1636717951.348,743539.448,731268.888
1636717951.647,731268.888,731268.888
1636717951.946,743539.448,731268.888
1636717952.245,743539.448,731268.888
1636717952.548,743539.448,731268.888
1636717952.847,743539.448,731268.888
1636717953.146,731268.888,731268.888
1636717953.449,743539.448,731268.888
1636717953.748,743539.448,731268.888
1636717954.047,743539.448,731268.888
1636717954.35,756173.661,731268.888
1636717954.649,743539.448,731268.888
1636717954.948,743539.448,743539.448
1636717955.251,743539.448,743539.448
1636717955.55,731268.888,743539.448
1636717955.849,756173.661,731268.888
1636717956.148,731268.888,743539.448
1636717956.451,731268.888,743539.448
1636717956.75,743539.448,731268.888
1636717957.049,743539.448,731268.888
1636717957.352,743539.448,731268.888
1636717957.651,743539.448,731268.888
1636717957.95,743539.448,731268.888
1636717958.253,731268.888,731268.888
1636717958.552,731268.888,731268.888
1636717958.851,731268.888,731268.888
1636717959.154,743539.448,731268.888
1636717959.453,743539.448,731268.888
1636717959.752,743539.448,731268.888
1636717960.051,743539.448,731268.888
1636717960.354,743539.448,731268.888
1636717960.653,743539.448,731268.888
1636717960.952,731268.888,731268.888
1636717961.255,743539.448,731268.888
1636717961.554,743539.448,731268.888
1636717961.854,743539.448,731268.888
1636717962.156,743539.448,731268.888
1636717962.456,743539.448,731268.888
1636717962.755,743539.448,731268.888
1636717963.057,743539.448,731268.888
1636717963.357,756173.661,731268.888
1636717963.656,743539.448,743539.448
1636717963.955,743539.448,743539.448
1636717964.258,743539.448,743539.448
1636717964.557,743539.448,743539.448
1636717964.856,743539.448,743539.448
1636717965.159,743539.448,743539.448
1636717965.458,743539.448,743539.448
1636717965.757,769187.481,743539.448
1636717966.06,743539.448,743539.448
1636717966.359,743539.448,743539.448
1636717966.658,743539.448,743539.448
1636717966.957,743539.448,743539.448
1636717967.26,731268.888,743539.448
1636717967.559,743539.448,743539.448
1636717967.858,743539.448,743539.448
1636717968.161,731268.888,743539.448
1636717968.46,731268.888,743539.448
1636717968.759,743539.448,731268.888
1636717969.062,743539.448,731268.888
1636717969.361,743539.448,731268.888
1636717969.66,743539.448,731268.888
1636717969.963,756173.661,731268.888
1636717970.262,743539.448,731268.888
1636717970.561,743539.448,731268.888
1636717970.86,743539.448,731268.888
1636717971.163,743539.448,731268.888
1636717971.462,743539.448,743539.448
1636717971.761,731268.888,743539.448
1636717972.064,782597.796,743539.448
1636717972.363,756173.661,743539.448
1636717972.662,731268.888,743539.448
1636717972.965,743539.448,743539.448
1636717973.264,743539.448,743539.448
1636717973.563,743539.448,743539.448
1636717973.866,731268.888,743539.448
1636717974.165,743539.448,743539.448
1636717974.464,743539.448,743539.448
1636717974.764,743539.448,743539.448
1636717975.067,743539.448,743539.448
1636717975.366,731268.888,731268.888
1636717975.665,743539.448,731268.888
1636717975.968,743539.448,731268.888
1636717976.267,743539.448,731268.888
1636717976.566,743539.448,731268.888
1636717976.869,743539.448,731268.888
1636717977.168,743539.448,731268.888
1636717977.467,743539.448,731268.888
1636717977.77,743539.448,731268.888
1636717978.069,743539.448,731268.888
1636717978.368,743539.448,731268.888
1636717978.667,743539.448,743539.448
1636717978.97,743539.448,743539.448
1636717979.269,756173.661,743539.448
1636717979.568,743539.448,743539.448
1636717979.871,756173.661,743539.448
1636717980.17,743539.448,743539.448
1636717980.469,743539.448,743539.448
1636717980.772,731268.888,743539.448
1636717981.071,743539.448,743539.448
1636717981.37,743539.448,743539.448
1636717981.673,743539.448,743539.448
1636717981.972,743539.448,743539.448
1636717982.271,743539.448,743539.448
1636717982.57,756173.661,743539.448
1636717982.873,743539.448,743539.448
1636717983.172,743539.448,743539.448
1636717983.471,743539.448,743539.448
1636717983.774,743539.448,743539.448
1636717984.073,743539.448,743539.448
1636717984.372,756173.661,743539.448
1636717984.675,743539.448,743539.448
1636717984.974,743539.448,743539.448
1636717985.273,743539.448,743539.448
1636717985.572,731268.888,743539.448
1636717985.875,743539.448,743539.448
1636717986.174,743539.448,743539.448
1636717986.474,731268.888,743539.448
1636717986.776,756173.661,731268.888
1636717987.076,743539.448,743539.448
1636717987.375,743539.448,743539.448
1636717987.677,743539.448,731268.888
1636717987.977,743539.448,731268.888
1636717988.276,743539.448,731268.888
1636717988.578,743539.448,731268.888
1636717988.878,743539.448,743539.448
1636717989.177,743539.448,743539.448
1636717989.476,756173.661,743539.448
1636717989.779,743539.448,743539.448
1636717990.078,756173.661,743539.448
1636717990.377,743539.448,743539.448
1636717990.68,743539.448,743539.448
1636717990.979,743539.448,743539.448
1636717991.278,731268.888,743539.448
1636717991.581,743539.448,743539.448
1636717991.88,743539.448,743539.448
1636717992.179,743539.448,743539.448
1636717992.482,743539.448,743539.448
1636717992.781,743539.448,743539.448
1636717993.08,731268.888,743539.448
1636717993.379,743539.448,731268.888
1636717993.682,743539.448,731268.888
1636717993.981,743539.448,731268.888
1636717994.28,743539.448,731268.888
1636717994.583,743539.448,731268.888
1636717994.882,743539.448,731268.888
1636717995.181,743539.448,731268.888
1636717995.484,756173.661,731268.888
1636717995.783,743539.448,743539.448
1636717996.082,743539.448,743539.448
1636717996.385,743539.448,743539.448
1636717996.684,743539.448,743539.448
1636717996.983,743539.448,743539.448
1636717997.282,743539.448,743539.448
1636717997.585,743539.448,743539.448
1636717997.884,731268.888,743539.448
1636717998.183,756173.661,743539.448
1636717998.486,743539.448,743539.448
1636717998.785,731268.888,743539.448
1636717999.085,743539.448,731268.888
1636717999.387,743539.448,731268.888
1636717999.686,743539.448,731268.888
1636717999.985,743539.448,731268.888
1636718000.288,743539.448,731268.888
1636718000.588,743539.448,731268.888
1636718000.887,743539.448,731268.888
1636718001.186,756173.661,743539.448
1636718001.489,731268.888,743539.448
1636718001.788,769187.481,731268.888
1636718002.087,743539.448,743539.448
1636718002.39,743539.448,743539.448
1636718002.689,756173.661,743539.448
1636718002.988,743539.448,743539.448
1636718003.291,743539.448,743539.448
1636718003.59,756173.661,743539.448
1636718003.889,756173.661,743539.448
1636718004.188,756173.661,743539.448
1636718004.491,743539.448,743539.448
1636718004.79,743539.448,743539.448
1636718005.089,743539.448,743539.448
1636718005.392,743539.448,743539.448
1636718005.691,743539.448,743539.448
1636718005.99,743539.448,743539.448
1636718006.293,769187.481,743539.448
1636718006.592,743539.448,743539.448
1636718006.891,743539.448,743539.448
1636718007.194,743539.448,743539.448
1636718007.493,743539.448,743539.448
1636718007.792,756173.661,743539.448
1636718008.091,743539.448,743539.448
1636718008.394,756173.661,743539.448
1636718008.693,743539.448,743539.448
1636718008.992,743539.448,743539.448
1636718009.295,756173.661,743539.448
1636718009.594,743539.448,743539.448
1636718009.893,743539.448,743539.448
1636718010.196,743539.448,743539.448
1636718010.495,743539.448,743539.448
1636718010.794,756173.661,743539.448
1636718011.097,743539.448,743539.448
1636718011.396,743539.448,743539.448
1636718011.695,756173.661,743539.448
1636718011.994,743539.448,743539.448
1636718012.297,743539.448,743539.448
1636718012.596,743539.448,743539.448
1636718012.896,743539.448,743539.448
1636718013.198,743539.448,743539.448
1636718013.498,731268.888,743539.448
1636718013.797,743539.448,743539.448
1636718014.1,743539.448,743539.448
1636718014.399,743539.448,743539.448
1636718014.698,743539.448,743539.448
1636718015.001,743539.448,731268.888
1636718015.3,756173.661,731268.888
1636718015.599,743539.448,743539.448
1636718015.898,743539.448,743539.448
1636718016.201,743539.448,743539.448
1636718016.5,743539.448,743539.448
1636718016.799,743539.448,743539.448
1636718017.102,731268.888,743539.448
1636718017.401,743539.448,743539.448
1636718017.7,743539.448,743539.448
1636718018.003,743539.448,743539.448
1636718018.302,743539.448,743539.448
1636718018.601,731268.888,731268.888
1636718018.9,743539.448,731268.888
1636718019.203,743539.448,731268.888
1636718019.502,756173.661,731268.888
1636718019.801,756173.661,731268.888
1636718020.104,743539.448,743539.448
1636718020.403,743539.448,743539.448
1636718020.702,743539.448,743539.448
1636718021.005,743539.448,743539.448
1636718021.304,743539.448,743539.448
1636718021.603,743539.448,743539.448
1636718021.906,731268.888,743539.448
1636718022.205,743539.448,743539.448
1636718022.504,743539.448,743539.448
1636718022.803,743539.448,743539.448
1636718023.106,756173.661,731268.888
1636718023.405,743539.448,743539.448
1636718023.704,743539.448,743539.448
1636718024.007,743539.448,743539.448
1636718024.306,743539.448,743539.448
1636718024.605,743539.448,743539.448
1636718024.908,743539.448,743539.448
1636718025.207,743539.448,743539.448
1636718025.506,743539.448,743539.448
1636718025.809,743539.448,743539.448
1636718026.109,756173.661,743539.448
1636718026.408,743539.448,743539.448
1636718026.707,743539.448,743539.448
1636718027.01,756173.661,743539.448
1636718027.309,743539.448,743539.448
1636718027.608,743539.448,743539.448
1636718027.911,756173.661,743539.448
1636718028.21,756173.661,743539.448
1636718028.509,756173.661,743539.448
1636718028.812,731268.888,743539.448
1636718029.111,743539.448,743539.448
1636718029.41,756173.661,743539.448
1636718029.709,743539.448,743539.448
1636718030.012,743539.448,743539.448
1636718030.311,756173.661,743539.448
1636718030.61,743539.448,743539.448
1636718030.913,756173.661,743539.448
1636718031.212,743539.448,743539.448
1636718031.511,743539.448,743539.448
1636718031.814,743539.448,743539.448
1636718032.113,743539.448,743539.448
1636718032.412,743539.448,743539.448
1636718032.715,743539.448,743539.448
1636718033.014,756173.661,743539.448
1636718033.313,743539.448,743539.448
1636718033.612,743539.448,743539.448
1636718033.915,769187.481,743539.448
1636718034.214,743539.448,743539.448
1636718034.513,756173.661,743539.448
1636718034.816,756173.661,743539.448
1636718035.115,743539.448,743539.448
1636718035.414,743539.448,743539.448
1636718035.717,756173.661,743539.448
1636718036.016,743539.448,743539.448
1636718036.315,743539.448,743539.448
1636718036.618,743539.448,743539.448
1636718036.917,769187.481,743539.448
1636718037.216,743539.448,743539.448
1636718037.515,731268.888,743539.448
1636718037.818,743539.448,743539.448
1636718038.117,769187.481,743539.448
1636718038.417,769187.481,743539.448
1636718038.719,743539.448,743539.448
1636718039.019,743539.448,743539.448
1636718039.318,756173.661,743539.448
1636718039.621,743539.448,743539.448
1636718039.92,743539.448,743539.448
1636718040.219,756173.661,743539.448
1636718040.522,743539.448,743539.448
1636718040.821,743539.448,743539.448
1636718041.12,743539.448,743539.448
1636718041.419,782597.796,743539.448
1636718041.722,743539.448,743539.448
1636718042.021,756173.661,743539.448
1636718042.32,731268.888,743539.448
1636718042.623,743539.448,743539.448
1636718042.922,743539.448,743539.448
1636718043.221,743539.448,743539.448
1636718043.524,743539.448,743539.448
1636718043.823,743539.448,743539.448
1636718044.122,756173.661,743539.448
1636718044.421,769187.481,743539.448
1636718044.724,743539.448,743539.448
1636718045.023,756173.661,743539.448
1636718045.322,743539.448,743539.448
1636718045.625,743539.448,743539.448
1636718045.924,756173.661,743539.448
1636718046.223,743539.448,743539.448
1636718046.526,756173.661,743539.448
1636718046.825,743539.448,743539.448
1636718047.124,743539.448,743539.448
1636718047.427,743539.448,743539.448
1636718047.726,743539.448,743539.448
1636718048.025,756173.661,743539.448
1636718048.324,743539.448,743539.448
1636718048.627,756173.661,743539.448
1636718048.926,743539.448,743539.448
1636718049.225,743539.448,743539.448
1636718049.528,756173.661,743539.448
1636718049.827,743539.448,743539.448
1636718050.126,743539.448,743539.448
1636718050.429,731268.888,743539.448
1636718050.728,743539.448,743539.448
1636718051.028,743539.448,743539.448
1636718051.33,743539.448,743539.448
1636718051.63,743539.448,743539.448
1636718051.929,756173.661,743539.448
1636718052.228,743539.448,743539.448
1636718052.531,743539.448,743539.448
1636718052.83,743539.448,743539.448
1636718053.129,756173.661,743539.448
1636718053.432,743539.448,743539.448
1636718053.731,756173.661,743539.448
1636718054.03,731268.888,743539.448
1636718054.333,743539.448,743539.448
1636718054.632,743539.448,743539.448
1636718054.931,743539.448,743539.448
1636718055.234,743539.448,743539.448
1636718055.533,743539.448,743539.448
1636718055.832,743539.448,743539.448
1636718056.131,743539.448,743539.448
1636718056.434,756173.661,743539.448
1636718056.733,756173.661,743539.448
1636718057.032,756173.661,743539.448
1636718057.335,731268.888,743539.448
1636718057.634,756173.661,743539.448
1636718057.933,743539.448,743539.448
1636718058.236,743539.448,743539.448
1636718058.535,756173.661,743539.448
1636718058.834,743539.448,743539.448
1636718059.133,743539.448,743539.448
1636718059.436,756173.661,743539.448
1636718059.735,743539.448,743539.448
1636718060.034,731268.888,743539.448
1636718060.337,743539.448,743539.448
1636718060.636,756173.661,743539.448
1636718060.935,743539.448,743539.448
1636718061.238,743539.448,743539.448
1636718061.537,743539.448,743539.448
1636718061.836,743539.448,743539.448
1636718062.139,743539.448,743539.448
1636718062.438,743539.448,743539.448
1636718062.737,756173.661,743539.448
1636718063.037,743539.448,743539.448
1636718063.339,743539.448,743539.448
1636718063.639,743539.448,743539.448
1636718063.938,743539.448,743539.448
1636718064.24,743539.448,743539.448
1636718064.54,756173.661,743539.448
1636718064.839,743539.448,743539.448
1636718065.142,743539.448,743539.448
1636718065.441,743539.448,743539.448
1636718065.74,731268.888,743539.448
1636718066.043,743539.448,743539.448
1636718066.342,743539.448,743539.448
1636718066.641,743539.448,743539.448
1636718066.94,743539.448,743539.448
1636718067.243,743539.448,743539.448
1636718067.542,731268.888,743539.448
1636718067.841,743539.448,731268.888
1636718068.144,743539.448,731268.888
1636718068.443,743539.448,731268.888
1636718068.742,743539.448,731268.888
1636718069.045,743539.448,731268.888
1636718069.344,743539.448,731268.888
1636718069.643,743539.448,731268.888
1636718069.946,743539.448,731268.888
1636718070.245,743539.448,731268.888
1636718070.544,731268.888,731268.888
1636718070.843,743539.448,731268.888
1636718071.146,743539.448,731268.888
1636718071.445,743539.448,731268.888
1636718071.744,743539.448,731268.888
1636718072.047,731268.888,731268.888
1636718072.346,743539.448,731268.888
1636718072.645,743539.448,731268.888
1636718072.948,743539.448,731268.888
1636718073.247,756173.661,731268.888
1636718073.546,731268.888,731268.888
1636718073.845,743539.448,731268.888
1636718074.148,743539.448,731268.888
1636718074.447,731268.888,731268.888
1636718074.746,756173.661,731268.888
1636718075.049,731268.888,731268.888
1636718075.348,743539.448,731268.888
1636718075.647,756173.661,731268.888
1636718075.95,731268.888,743539.448
1636718076.249,743539.448,731268.888
1636718076.549,731268.888,731268.888
1636718076.851,731268.888,731268.888
1636718077.151,743539.448,731268.888
1636718077.45,743539.448,731268.888
1636718077.749,743539.448,731268.888
1636718078.052,743539.448,731268.888
1636718078.351,743539.448,731268.888
1636718078.65,743539.448,731268.888
1636718078.953,743539.448,731268.888
1636718079.252,769187.481,731268.888
1636718079.551,743539.448,743539.448
1636718079.854,756173.661,743539.448
1636718080.153,743539.448,743539.448
1636718080.452,743539.448,743539.448
1636718080.755,743539.448,743539.448
1636718081.054,743539.448,743539.448
1636718081.353,743539.448,743539.448
1636718081.652,743539.448,743539.448
1636718081.955,743539.448,743539.448
1636718082.254,756173.661,743539.448
1636718082.553,743539.448,743539.448
1636718082.856,756173.661,743539.448
1636718083.155,743539.448,743539.448
1636718083.454,743539.448,743539.448
1636718083.757,743539.448,743539.448
1636718084.056,743539.448,743539.448
1636718084.355,743539.448,743539.448
1636718084.658,756173.661,743539.448
1636718084.957,743539.448,743539.448
1636718085.256,743539.448,743539.448
1636718085.555,743539.448,743539.448
1636718085.858,743539.448,743539.448
1636718086.157,743539.448,743539.448
1636718086.456,743539.448,743539.448
1636718086.759,756173.661,743539.448
1636718087.058,743539.448,743539.448
1636718087.357,731268.888,743539.448
1636718087.66,743539.448,743539.448
1636718087.959,743539.448,743539.448
1636718088.258,743539.448,743539.448
1636718088.557,743539.448,743539.448
1636718088.86,731268.888,743539.448
1636718089.16,743539.448,731268.888
1636718089.459,743539.448,731268.888
1636718089.761,731268.888,731268.888
1636718090.061,756173.661,731268.888
1636718090.36,743539.448,731268.888
1636718090.663,743539.448,731268.888
1636718090.962,756173.661,731268.888
1636718091.261,743539.448,743539.448
1636718091.564,731268.888,743539.448
1636718091.863,756173.661,731268.888
1636718092.162,743539.448,743539.448
1636718092.461,743539.448,743539.448
1636718092.764,743539.448,743539.448
1636718093.063,743539.448,743539.448
1636718093.362,731268.888,743539.448
1636718093.665,743539.448,743539.448
1636718093.964,743539.448,743539.448
1636718094.263,731268.888,731268.888
1636718094.566,743539.448,731268.888
1636718094.865,743539.448,731268.888
1636718095.164,743539.448,731268.888
1636718095.467,743539.448,731268.888
1636718095.766,756173.661,731268.888
1636718096.065,743539.448,731268.888
1636718096.364,731268.888,731268.888
1636718096.667,743539.448,731268.888
1636718096.966,769187.481,731268.888
1636718097.265,731268.888,743539.448
1636718097.568,731268.888,743539.448
1636718097.867,743539.448,743539.448
1636718098.166,743539.448,743539.448
1636718098.469,756173.661,743539.448
1636718098.768,743539.448,743539.448
1636718099.067,743539.448,743539.448
1636718099.366,731268.888,743539.448
1636718099.669,731268.888,743539.448
1636718099.968,731268.888,731268.888
1636718100.267,743539.448,731268.888
1636718100.57,743539.448,731268.888
1636718100.869,743539.448,731268.888
1636718101.168,731268.888,731268.888
1636718101.471,743539.448,731268.888
1636718101.77,756173.661,731268.888
1636718102.07,756173.661,731268.888
1636718102.372,756173.661,731268.888
1636718102.672,743539.448,743539.448
1636718102.971,743539.448,743539.448
1636718103.27,743539.448,743539.448
1636718103.573,743539.448,743539.448
1636718103.872,731268.888,743539.448
1636718104.171,756173.661,743539.448
1636718104.474,743539.448,743539.448
1636718104.773,743539.448,743539.448
1636718105.072,743539.448,743539.448
1636718105.375,743539.448,743539.448
1636718105.674,743539.448,743539.448
1636718105.973,743539.448,743539.448
1636718106.276,743539.448,743539.448
1636718106.575,743539.448,743539.448
1636718106.874,743539.448,743539.448
1636718107.173,731268.888,743539.448
1636718107.476,743539.448,731268.888
1636718107.775,743539.448,731268.888
1636718108.074,731268.888,731268.888
1636718108.377,743539.448,731268.888
1636718108.676,743539.448,731268.888
1636718108.975,743539.448,731268.888
1636718109.278,756173.661,731268.888
1636718109.577,743539.448,731268.888
1636718109.876,743539.448,731268.888
1636718110.179,743539.448,731268.888
1636718110.478,731268.888,743539.448
1636718110.777,731268.888,731268.888
1636718111.076,743539.448,731268.888
1636718111.379,731268.888,731268.888
1636718111.678,731268.888,731268.888
1636718111.977,743539.448,731268.888
1636718112.28,743539.448,731268.888
1636718112.579,731268.888,731268.888
1636718112.878,731268.888,731268.888
1636718113.181,743539.448,731268.888
1636718113.48,743539.448,731268.888
1636718113.779,731268.888,731268.888
1636718114.079,743539.448,731268.888
1636718114.381,743539.448,731268.888
1636718114.681,731268.888,731268.888
1636718114.98,743539.448,731268.888
1636718115.282,731268.888,731268.888
1636718115.582,731268.888,731268.888
1636718115.881,731268.888,731268.888
1636718116.184,743539.448,731268.888
1636718116.483,743539.448,731268.888
1636718116.782,731268.888,731268.888
1636718117.085,731268.888,731268.888
1636718117.384,743539.448,731268.888
1636718117.683,731268.888,731268.888
1636718117.982,743539.448,731268.888
1636718118.285,731268.888,731268.888
1636718118.584,743539.448,731268.888
1636718118.883,743539.448,731268.888
1636718119.186,743539.448,731268.888
1636718119.485,743539.448,731268.888
1636718119.784,743539.448,731268.888
1636718120.087,743539.448,731268.888
1636718120.386,756173.661,731268.888
1636718120.685,743539.448,731268.888
1636718120.988,743539.448,743539.448
1636718121.287,743539.448,743539.448
1636718121.586,743539.448,743539.448
1636718121.885,756173.661,743539.448
1636718122.188,743539.448,743539.448
1636718122.487,731268.888,743539.448
1636718122.786,743539.448,743539.448
1636718123.089,743539.448,743539.448
1636718123.388,743539.448,743539.448
1636718123.687,743539.448,743539.448
1636718123.99,743539.448,743539.448
1636718124.289,731268.888,743539.448
1636718124.588,743539.448,731268.888
1636718124.891,756173.661,731268.888
1636718125.19,731268.888,731268.888
1636718125.489,743539.448,731268.888
1636718125.788,743539.448,731268.888
1636718126.091,731268.888,731268.888
1636718126.39,731268.888,731268.888
1636718126.69,743539.448,731268.888
1636718126.992,743539.448,731268.888
1636718127.291,743539.448,731268.888
1636718127.591,731268.888,731268.888
1636718127.893,743539.448,731268.888
1636718128.193,743539.448,731268.888
1636718128.492,743539.448,731268.888
1636718128.791,731268.888,731268.888
1636718129.094,743539.448,731268.888
1636718129.393,743539.448,731268.888
1636718129.692,743539.448,731268.888
1636718129.995,743539.448,731268.888
1636718130.294,731268.888,731268.888
1636718130.593,743539.448,731268.888
1636718130.896,743539.448,731268.888
1636718131.195,743539.448,731268.888
1636718131.494,743539.448,731268.888
1636718131.797,743539.448,731268.888
1636718132.096,743539.448,731268.888
1636718132.395,731268.888,731268.888
1636718132.694,731268.888,731268.888
1636718132.997,731268.888,731268.888
1636718133.296,743539.448,731268.888
1636718133.595,743539.448,731268.888
1636718133.898,743539.448,731268.888
1636718134.197,743539.448,731268.888
1636718134.496,743539.448,731268.888
1636718134.799,743539.448,731268.888
1636718135.098,731268.888,731268.888
1636718135.397,743539.448,731268.888
1636718135.7,743539.448,731268.888
1636718135.999,756173.661,731268.888
1636718136.298,743539.448,743539.448
1636718136.597,743539.448,743539.448
1636718136.9,743539.448,743539.448
1636718137.199,731268.888,743539.448
1636718137.498,756173.661,731268.888
1636718137.801,743539.448,743539.448
1636718138.1,743539.448,743539.448
1636718138.399,743539.448,743539.448
1636718138.702,731268.888,743539.448
1636718139.001,743539.448,743539.448
1636718139.3,743539.448,731268.888
1636718139.6,731268.888,731268.888
1636718139.902,756173.661,731268.888
1636718140.202,743539.448,731268.888
1636718140.501,731268.888,743539.448
1636718140.803,743539.448,731268.888
1636718141.103,731268.888,731268.888
1636718141.402,731268.888,731268.888
1636718141.705,756173.661,731268.888
1636718142.004,743539.448,731268.888
1636718142.303,743539.448,731268.888
1636718142.606,743539.448,731268.888
1636718142.905,731268.888,731268.888
1636718143.204,731268.888,731268.888
1636718143.503,743539.448,731268.888
1636718143.806,743539.448,731268.888
1636718144.105,731268.888,731268.888
1636718144.404,743539.448,731268.888
1636718144.707,743539.448,731268.888
1636718145.006,743539.448,731268.888
1636718145.305,743539.448,731268.888
1636718145.608,743539.448,731268.888
1636718145.907,743539.448,731268.888
1636718146.206,756173.661,731268.888
1636718146.509,743539.448,743539.448
1636718146.808,731268.888,743539.448
1636718147.107,743539.448,731268.888
1636718147.406,743539.448,743539.448
1636718147.709,743539.448,743539.448
1636718148.008,731268.888,743539.448
1636718148.307,743539.448,731268.888
1636718148.61,731268.888,731268.888
1636718148.909,756173.661,731268.888
1636718149.208,731268.888,731268.888
1636718149.511,743539.448,731268.888
1636718149.81,743539.448,731268.888
1636718150.109,743539.448,731268.888
1636718150.412,731268.888,731268.888
1636718150.711,743539.448,731268.888
1636718151.01,743539.448,731268.888
1636718151.309,743539.448,731268.888
1636718151.612,743539.448,731268.888
1636718151.911,782597.796,731268.888
1636718152.211,731268.888,743539.448
1636718152.513,743539.448,743539.448
1636718152.812,743539.448,743539.448
1636718153.112,756173.661,743539.448
1636718153.414,743539.448,743539.448
1636718153.714,731268.888,743539.448
1636718154.013,743539.448,743539.448
1636718154.312,731268.888,743539.448
1636718154.615,743539.448,743539.448
1636718154.914,743539.448,743539.448
1636718155.213,743539.448,731268.888
1636718155.516,756173.661,731268.888
1636718155.815,743539.448,743539.448
1636718156.114,743539.448,743539.448
1636718156.417,743539.448,731268.888
1636718156.716,743539.448,731268.888
1636718157.015,743539.448,743539.448
1636718157.318,743539.448,743539.448
1636718157.617,743539.448,743539.448
1636718157.916,756173.661,743539.448
1636718158.215,743539.448,743539.448
1636718158.518,743539.448,743539.448
1636718158.817,743539.448,743539.448
1636718159.116,743539.448,743539.448
1636718159.419,743539.448,743539.448
1636718159.718,731268.888,743539.448
1636718160.017,743539.448,743539.448
1636718160.32,743539.448,743539.448
1636718160.619,731268.888,743539.448
1636718160.918,743539.448,731268.888
1636718161.221,743539.448,731268.888
1636718161.52,731268.888,731268.888
1636718161.819,743539.448,731268.888
1636718162.118,743539.448,731268.888
1636718162.421,731268.888,731268.888
1636718162.72,743539.448,731268.888
1636718163.019,743539.448,731268.888
1636718163.322,743539.448,731268.888
1636718163.621,743539.448,731268.888
1636718163.92,743539.448,731268.888
1636718164.223,743539.448,731268.888
1636718164.522,731268.888,731268.888
1636718164.821,756173.661,731268.888
1636718165.121,743539.448,731268.888
1636718165.423,743539.448,731268.888
1636718165.723,743539.448,743539.448
1636718166.022,743539.448,743539.448
1636718166.324,743539.448,743539.448
1636718166.624,731268.888,743539.448
1636718166.923,743539.448,731268.888
1636718167.226,743539.448,731268.888
1636718167.525,743539.448,731268.888
1636718167.824,743539.448,743539.448
1636718168.127,743539.448,731268.888
1636718168.426,769187.481,731268.888
1636718168.725,743539.448,743539.448
1636718169.024,743539.448,743539.448
1636718169.327,731268.888,743539.448
1636718169.626,743539.448,743539.448
1636718169.925,743539.448,743539.448
1636718170.228,731268.888,743539.448
1636718170.527,743539.448,743539.448
1636718170.826,743539.448,743539.448
1636718171.129,743539.448,743539.448
1636718171.428,743539.448,743539.448
1636718171.727,731268.888,731268.888
1636718172.03,743539.448,731268.888
1636718172.329,743539.448,731268.888
1636718172.628,743539.448,731268.888
1636718172.927,743539.448,731268.888
1636718173.23,743539.448,731268.888
1636718173.529,756173.661,731268.888
1636718173.828,756173.661,743539.448
1636718174.131,743539.448,743539.448
1636718174.43,731268.888,743539.448
1636718174.729,743539.448,743539.448
1636718175.032,731268.888,743539.448
1636718175.331,743539.448,743539.448
1636718175.63,743539.448,743539.448
1636718175.933,731268.888,743539.448
1636718176.232,743539.448,731268.888
1636718176.531,743539.448,731268.888
1636718176.83,743539.448,731268.888
1636718177.133,731268.888,731268.888
1636718177.432,743539.448,731268.888
1636718177.731,731268.888,731268.888
1636718178.034,743539.448,731268.888
1636718178.333,731268.888,731268.888
1636718178.633,743539.448,731268.888
1636718178.935,731268.888,731268.888
1636718179.235,743539.448,731268.888
1636718179.534,731268.888,731268.888
1636718179.833,743539.448,731268.888
1636718180.136,731268.888,731268.888
1636718180.435,731268.888,731268.888
1636718180.734,731268.888,731268.888
1636718181.037,743539.448,731268.888
1636718181.336,743539.448,731268.888
1636718181.635,743539.448,731268.888
1636718181.938,743539.448,731268.888
1636718182.237,743539.448,731268.888
1636718182.536,756173.661,731268.888
1636718182.839,743539.448,731268.888
1636718183.138,731268.888,731268.888
1636718183.437,731268.888,731268.888
1636718183.736,756173.661,731268.888
1636718184.039,743539.448,743539.448
1636718184.338,769187.481,743539.448
1636718184.637,743539.448,743539.448
1636718184.94,743539.448,743539.448
1636718185.239,769187.481,743539.448
1636718185.538,743539.448,743539.448
1636718185.841,782597.796,743539.448
1636718186.14,756173.661,743539.448
1636718186.439,743539.448,743539.448
1636718186.742,743539.448,743539.448
1636718187.041,731268.888,743539.448
1636718187.34,743539.448,743539.448
1636718187.639,743539.448,743539.448
1636718187.942,756173.661,743539.448
1636718188.241,731268.888,743539.448
1636718188.54,731268.888,743539.448
1636718188.843,731268.888,743539.448
1636718189.142,731268.888,731268.888
1636718189.441,743539.448,731268.888
1636718189.744,743539.448,731268.888
1636718190.043,731268.888,731268.888
1636718190.342,743539.448,731268.888
1636718190.645,731268.888,731268.888
1636718190.944,743539.448,731268.888
1636718191.244,743539.448,731268.888
1636718191.543,731268.888,731268.888
1636718191.845,743539.448,731268.888
1636718192.145,756173.661,731268.888
1636718192.444,731268.888,731268.888
1636718192.747,743539.448,731268.888
1636718193.046,743539.448,731268.888
1636718193.345,756173.661,731268.888
1636718193.648,743539.448,731268.888
1636718193.947,743539.448,743539.448
1636718194.246,731268.888,743539.448
1636718194.545,743539.448,731268.888
1636718194.848,731268.888,743539.448
1636718195.147,731268.888,731268.888
1636718195.446,743539.448,731268.888
1636718195.749,731268.888,731268.888
1636718196.048,743539.448,731268.888
1636718196.347,743539.448,731268.888
1636718196.65,731268.888,731268.888
1636718196.949,743539.448,731268.888
1636718197.248,743539.448,731268.888
1636718197.551,731268.888,731268.888
1636718197.85,731268.888,731268.888
1636718198.149,731268.888,731268.888
1636718198.448,743539.448,731268.888
1636718198.751,731268.888,731268.888
1636718199.05,731268.888,731268.888
1636718199.349,743539.448,731268.888
1636718199.652,743539.448,731268.888
1636718199.951,743539.448,731268.888
1636718200.25,731268.888,731268.888
1636718200.553,731268.888,731268.888
1636718200.852,731268.888,731268.888
1636718201.151,743539.448,731268.888
1636718201.454,743539.448,731268.888
1636718201.753,756173.661,731268.888
1636718202.052,743539.448,731268.888
1636718202.352,743539.448,731268.888
1636718202.654,743539.448,731268.888
1636718202.954,731268.888,731268.888
1636718203.253,743539.448,731268.888
1636718203.555,743539.448,731268.888
1636718203.854,731268.888,731268.888
1636718204.154,743539.448,731268.888
1636718204.456,731268.888,731268.888
1636718204.756,731268.888,731268.888
1636718205.055,743539.448,731268.888
1636718205.354,743539.448,731268.888
1636718205.657,743539.448,731268.888
1636718205.956,731268.888,731268.888
1636718206.255,743539.448,731268.888
1636718206.558,769187.481,731268.888
1636718206.857,743539.448,731268.888
1636718207.156,743539.448,731268.888
1636718207.459,731268.888,731268.888
1636718207.758,731268.888,731268.888
1636718208.057,731268.888,731268.888
1636718208.36,743539.448,731268.888
1636718208.659,731268.888,731268.888
1636718208.958,731268.888,731268.888
1636718209.257,731268.888,731268.888
1636718209.56,743539.448,731268.888
1636718209.859,731268.888,731268.888
1636718210.158,743539.448,731268.888
1636718210.461,743539.448,731268.888
1636718210.76,743539.448,731268.888
1636718211.059,743539.448,731268.888
1636718211.362,743539.448,731268.888
1636718211.661,743539.448,731268.888
1636718211.96,731268.888,731268.888
1636718212.263,743539.448,731268.888
1636718212.562,731268.888,731268.888
1636718212.861,731268.888,731268.888
1636718213.16,743539.448,731268.888
1636718213.463,731268.888,731268.888
1636718213.762,743539.448,731268.888
1636718214.061,743539.448,731268.888
1636718214.364,743539.448,731268.888
1636718214.663,743539.448,731268.888
1636718214.962,743539.448,731268.888
1636718215.265,731268.888,731268.888
1636718215.564,731268.888,731268.888
1636718215.863,743539.448,731268.888
1636718216.166,743539.448,731268.888
1636718216.466,743539.448,731268.888
1636718216.765,731268.888,731268.888
1636718217.064,743539.448,731268.888
1636718217.367,756173.661,731268.888
1636718217.666,743539.448,731268.888
1636718217.965,743539.448,731268.888
1636718218.268,743539.448,731268.888
1636718218.567,743539.448,731268.888
1636718218.866,743539.448,743539.448
1636718219.169,743539.448,743539.448
1636718219.468,731268.888,743539.448
1636718219.767,743539.448,731268.888
1636718220.066,731268.888,743539.448
1636718220.369,731268.888,731268.888
1636718220.668,743539.448,731268.888
1636718220.967,731268.888,731268.888
1636718221.27,731268.888,731268.888
1636718221.569,743539.448,731268.888
1636718221.868,743539.448,731268.888
1636718222.171,743539.448,731268.888
1636718222.47,743539.448,731268.888
1636718222.769,756173.661,731268.888
1636718223.072,743539.448,731268.888
1636718223.371,731268.888,731268.888
1636718223.67,731268.888,731268.888
1636718223.969,731268.888,731268.888
1636718224.272,731268.888,731268.888
1636718224.571,731268.888,731268.888
1636718224.87,743539.448,731268.888
1636718225.173,731268.888,731268.888
1636718225.472,743539.448,731268.888
1636718225.771,731268.888,731268.888
1636718226.074,743539.448,731268.888
1636718226.373,743539.448,731268.888
1636718226.672,731268.888,731268.888
1636718226.975,731268.888,731268.888
1636718227.274,731268.888,731268.888
1636718227.573,743539.448,731268.888
1636718227.872,743539.448,731268.888
1636718228.175,743539.448,731268.888
1636718228.475,743539.448,731268.888
1636718228.774,731268.888,731268.888
1636718229.076,731268.888,731268.888
1636718229.376,743539.448,731268.888
1636718229.675,743539.448,731268.888
1636718229.978,743539.448,731268.888
1636718230.277,743539.448,731268.888
1636718230.576,743539.448,731268.888
1636718230.879,731268.888,731268.888
1636718231.178,731268.888,731268.888
1636718231.477,743539.448,731268.888
1636718231.776,731268.888,731268.888
1636718232.079,743539.448,731268.888
1636718232.378,743539.448,731268.888
1636718232.677,743539.448,731268.888
1636718232.98,743539.448,731268.888
1636718233.279,743539.448,731268.888
1636718233.578,731268.888,731268.888
1636718233.881,731268.888,731268.888
1636718234.18,743539.448,731268.888
1636718234.479,731268.888,731268.888
1636718234.778,731268.888,731268.888
1636718235.081,731268.888,731268.888
1636718235.38,743539.448,731268.888
1636718235.679,719346.899,731268.888
1636718235.982,731268.888,731268.888
1636718236.281,731268.888,731268.888
1636718236.58,731268.888,731268.888
1636718236.883,743539.448,731268.888
1636718237.182,731268.888,731268.888
1636718237.481,743539.448,731268.888
1636718237.784,731268.888,731268.888
1636718238.083,743539.448,731268.888
1636718238.382,743539.448,731268.888
1636718238.681,743539.448,731268.888
1636718238.984,731268.888,731268.888
1636718239.283,743539.448,731268.888
1636718239.582,743539.448,731268.888
1636718239.885,743539.448,731268.888
1636718240.184,731268.888,731268.888
1636718240.484,743539.448,731268.888
1636718240.786,743539.448,731268.888
1636718241.085,731268.888,731268.888
1636718241.385,731268.888,731268.888
1636718241.687,743539.448,731268.888
1636718241.987,731268.888,731268.888
1636718242.286,743539.448,731268.888
1636718242.585,743539.448,731268.888
1636718242.888,743539.448,731268.888
1636718243.187,743539.448,731268.888
1636718243.486,731268.888,731268.888
1636718243.789,743539.448,731268.888
1636718244.088,743539.448,731268.888
1636718244.387,756173.661,731268.888
1636718244.69,743539.448,731268.888
1636718244.989,743539.448,731268.888
1636718245.288,731268.888,743539.448
1636718245.587,731268.888,731268.888
1636718245.89,743539.448,731268.888
1636718246.189,756173.661,731268.888
1636718246.488,743539.448,731268.888
1636718246.791,731268.888,743539.448
1636718247.09,743539.448,731268.888
1636718247.389,743539.448,731268.888
1636718247.692,756173.661,731268.888
1636718247.991,756173.661,731268.888
1636718248.29,743539.448,743539.448
1636718248.593,731268.888,743539.448
1636718248.892,731268.888,743539.448
1636718249.191,731268.888,743539.448
1636718249.49,743539.448,731268.888
1636718249.793,756173.661,731268.888
1636718250.092,743539.448,743539.448
1636718250.391,743539.448,743539.448
1636718250.694,743539.448,743539.448
1636718250.993,743539.448,731268.888
1636718251.292,731268.888,731268.888
1636718251.595,743539.448,731268.888
1636718251.894,731268.888,731268.888
1636718252.193,743539.448,731268.888
1636718252.496,756173.661,731268.888
1636718252.795,731268.888,743539.448
1636718253.094,731268.888,731268.888
1636718253.394,743539.448,731268.888
1636718253.696,743539.448,731268.888
1636718253.996,743539.448,731268.888
1636718254.295,731268.888,731268.888
1636718254.597,731268.888,731268.888
1636718254.897,756173.661,731268.888
1636718255.196,731268.888,731268.888
1636718255.499,731268.888,731268.888
1636718255.798,731268.888,731268.888
1636718256.097,731268.888,731268.888
1636718256.4,743539.448,731268.888
1636718256.699,731268.888,731268.888
1636718256.998,743539.448,731268.888
1636718257.297,731268.888,731268.888
1636718257.6,743539.448,731268.888
1636718257.899,756173.661,731268.888
1636718258.198,743539.448,731268.888
1636718258.501,743539.448,731268.888
1636718258.8,743539.448,731268.888
1636718259.099,731268.888,731268.888
1636718259.402,731268.888,731268.888
1636718259.701,743539.448,731268.888
1636718260.0,743539.448,731268.888
1636718260.299,743539.448,731268.888
1636718260.602,743539.448,731268.888
1636718260.901,756173.661,731268.888
1636718261.2,743539.448,731268.888
1636718261.503,731268.888,731268.888
1636718261.802,731268.888,731268.888
1636718262.101,743539.448,731268.888
1636718262.404,743539.448,731268.888
1636718262.703,731268.888,731268.888
1636718263.002,731268.888,731268.888
1636718263.305,743539.448,731268.888
1636718263.604,731268.888,731268.888
1636718263.903,743539.448,731268.888
1636718264.202,731268.888,731268.888
1636718264.505,731268.888,731268.888
1636718264.804,731268.888,731268.888
1636718265.103,743539.448,731268.888
1636718265.406,743539.448,731268.888
1636718265.705,743539.448,731268.888
1636718266.005,731268.888,731268.888
1636718266.307,743539.448,731268.888
1636718266.606,731268.888,731268.888
1636718266.906,731268.888,731268.888
1636718267.209,731268.888,731268.888
1636718267.508,731268.888,731268.888
1636718267.807,743539.448,731268.888
1636718268.106,743539.448,731268.888
1636718268.409,731268.888,731268.888
1636718268.708,731268.888,731268.888
1636718269.007,731268.888,731268.888
1636718269.31,731268.888,731268.888
1636718269.609,731268.888,731268.888
1636718269.908,743539.448,731268.888
1636718270.211,743539.448,731268.888
1636718270.51,743539.448,731268.888
1636718270.809,743539.448,731268.888
1636718271.112,743539.448,731268.888
1636718271.411,743539.448,731268.888
1636718271.71,743539.448,731268.888
1636718272.009,743539.448,731268.888
1636718272.312,769187.481,731268.888
1636718272.611,731268.888,743539.448
1636718272.91,731268.888,743539.448
1636718273.213,731268.888,743539.448
1636718273.512,743539.448,731268.888
1636718273.811,743539.448,731268.888
1636718274.114,743539.448,731268.888
1636718274.413,731268.888,731268.888
1636718274.712,743539.448,731268.888
1636718275.011,731268.888,731268.888
1636718275.314,743539.448,731268.888
1636718275.613,731268.888,731268.888
1636718275.912,743539.448,731268.888
1636718276.215,756173.661,731268.888
1636718276.514,731268.888,731268.888
1636718276.813,743539.448,731268.888
1636718277.116,743539.448,731268.888
1636718277.415,743539.448,731268.888
1636718277.714,743539.448,731268.888
1636718278.017,743539.448,731268.888
1636718278.316,743539.448,731268.888
1636718278.615,743539.448,731268.888
1636718278.915,743539.448,743539.448
1636718279.217,731268.888,743539.448
1636718279.517,743539.448,731268.888
1636718279.816,743539.448,731268.888
1636718280.118,731268.888,731268.888
1636718280.418,743539.448,731268.888
1636718280.717,731268.888,731268.888
1636718281.02,743539.448,731268.888
1636718281.319,731268.888,731268.888
1636718281.618,731268.888,731268.888
1636718281.921,731268.888,731268.888
1636718282.22,731268.888,731268.888
1636718282.519,743539.448,731268.888
1636718282.818,731268.888,731268.888
1636718283.121,743539.448,731268.888
1636718283.42,743539.448,731268.888
1636718283.719,731268.888,731268.888
1636718284.022,731268.888,731268.888
1636718284.321,731268.888,731268.888
1636718284.62,743539.448,731268.888
1636718284.923,743539.448,731268.888
1636718285.222,743539.448,731268.888
1636718285.521,731268.888,731268.888
1636718285.82,743539.448,731268.888
1636718286.123,743539.448,731268.888
1636718286.422,743539.448,731268.888
1636718286.721,743539.448,731268.888
1636718287.024,743539.448,731268.888
1636718287.323,731268.888,731268.888
1636718287.622,731268.888,731268.888
1636718287.925,743539.448,731268.888
1636718288.224,743539.448,731268.888
1636718288.523,731268.888,731268.888
1636718288.826,731268.888,731268.888
1636718289.125,731268.888,731268.888
1636718289.424,743539.448,731268.888
1636718289.723,731268.888,731268.888
1636718290.026,731268.888,731268.888
1636718290.325,743539.448,731268.888
1636718290.624,743539.448,731268.888
1636718290.927,743539.448,731268.888
1636718291.226,731268.888,731268.888
1636718291.526,743539.448,731268.888
1636718291.828,743539.448,731268.888
1636718292.127,743539.448,731268.888
1636718292.427,743539.448,731268.888
1636718292.73,756173.661,731268.888
1636718293.029,743539.448,731268.888
1636718293.328,731268.888,743539.448
1636718293.627,731268.888,731268.888
1636718293.93,731268.888,731268.888
1636718294.229,719346.899,731268.888
1636718294.528,756173.661,731268.888
1636718294.831,743539.448,731268.888
1636718295.13,731268.888,731268.888
1636718295.429,731268.888,731268.888
1636718295.732,743539.448,731268.888
1636718296.031,743539.448,731268.888
1636718296.33,743539.448,731268.888
1636718296.633,743539.448,731268.888
1636718296.932,743539.448,731268.888
1636718297.231,731268.888,731268.888
1636718297.53,743539.448,731268.888
1636718297.833,743539.448,731268.888
1636718298.132,743539.448,731268.888
1636718298.431,743539.448,731268.888
1636718298.734,743539.448,731268.888
1636718299.033,731268.888,731268.888
1636718299.332,731268.888,731268.888
1636718299.635,731268.888,731268.888
1636718299.934,743539.448,731268.888
1636718300.233,731268.888,731268.888
1636718300.532,743539.448,731268.888
1636718300.835,743539.448,731268.888
1636718301.134,743539.448,731268.888
1636718301.433,731268.888,731268.888
1636718301.736,756173.661,731268.888
1636718302.035,756173.661,731268.888
1636718302.334,731268.888,731268.888
1636718302.637,743539.448,731268.888
1636718302.936,731268.888,731268.888
1636718303.235,743539.448,731268.888
1636718303.538,731268.888,731268.888
1636718303.837,743539.448,731268.888
1636718304.136,743539.448,731268.888
1636718304.436,743539.448,731268.888
1636718304.738,743539.448,731268.888
1636718305.038,743539.448,731268.888
1636718305.337,743539.448,731268.888
1636718305.639,731268.888,731268.888
1636718305.939,743539.448,731268.888
1636718306.238,731268.888,731268.888
1636718306.541,731268.888,731268.888
1636718306.84,743539.448,731268.888
1636718307.139,756173.661,731268.888
1636718307.442,743539.448,731268.888
1636718307.741,743539.448,731268.888
1636718308.04,731268.888,731268.888
1636718308.339,743539.448,731268.888
1636718308.642,743539.448,731268.888
1636718308.941,743539.448,731268.888
1636718309.24,743539.448,731268.888
1636718309.543,743539.448,731268.888
1636718309.842,731268.888,743539.448
1636718310.141,731268.888,731268.888
1636718310.444,743539.448,731268.888
1636718310.743,731268.888,731268.888
1636718311.042,731268.888,731268.888
1636718311.345,743539.448,731268.888
1636718311.644,743539.448,731268.888
1636718311.943,743539.448,731268.888
1636718312.242,731268.888,731268.888
1636718312.545,743539.448,731268.888
1636718312.844,743539.448,731268.888
1636718313.143,731268.888,731268.888
1636718313.446,743539.448,731268.888
1636718313.745,743539.448,731268.888
1636718314.044,731268.888,731268.888
1636718314.347,743539.448,731268.888
1636718314.646,743539.448,731268.888
1636718314.945,731268.888,731268.888
1636718315.244,731268.888,731268.888
1636718315.547,756173.661,731268.888
1636718315.846,731268.888,731268.888
1636718316.145,731268.888,731268.888
1636718316.448,731268.888,731268.888
1636718316.747,743539.448,731268.888
1636718317.047,731268.888,731268.888
1636718317.349,743539.448,731268.888
1636718317.648,731268.888,731268.888
1636718317.948,743539.448,731268.888
1636718318.25,743539.448,731268.888
1636718318.55,743539.448,731268.888
1636718318.849,769187.481,731268.888
1636718319.148,719346.899,731268.888
1636718319.451,743539.448,731268.888
1636718319.75,731268.888,731268.888
1636718320.049,743539.448,731268.888
1636718320.352,743539.448,731268.888
1636718320.651,731268.888,731268.888
1636718320.95,743539.448,731268.888
1636718321.253,756173.661,731268.888
1636718321.552,731268.888,731268.888
1636718321.851,731268.888,731268.888
1636718322.154,731268.888,731268.888
1636718322.453,731268.888,731268.888
1636718322.752,731268.888,731268.888
1636718323.051,731268.888,731268.888
1636718323.354,743539.448,731268.888
1636718323.653,743539.448,731268.888
1636718323.952,731268.888,731268.888
1636718324.255,769187.481,731268.888
1636718324.554,743539.448,731268.888
1636718324.853,731268.888,731268.888
1636718325.156,731268.888,731268.888
1636718325.455,743539.448,731268.888
1636718325.754,731268.888,731268.888
1636718326.057,743539.448,731268.888
1636718326.356,756173.661,731268.888
1636718326.655,743539.448,731268.888
1636718326.954,731268.888,731268.888
1636718327.257,743539.448,731268.888
1636718327.556,731268.888,731268.888
1636718327.855,731268.888,731268.888
1636718328.158,731268.888,731268.888
1636718328.457,731268.888,731268.888
1636718328.756,731268.888,731268.888
1636718329.059,731268.888,731268.888
1636718329.358,731268.888,731268.888
1636718329.657,743539.448,731268.888
1636718329.957,743539.448,731268.888
1636718330.259,743539.448,731268.888
1636718330.559,769187.481,731268.888
1636718330.858,743539.448,731268.888
1636718331.16,731268.888,731268.888
1636718331.46,731268.888,731268.888
1636718331.759,743539.448,731268.888
1636718332.062,743539.448,731268.888
1636718332.361,743539.448,731268.888
1636718332.66,743539.448,743539.448
1636718332.963,743539.448,743539.448
1636718333.262,743539.448,743539.448
1636718333.561,731268.888,743539.448
1636718333.86,731268.888,731268.888
1636718334.163,731268.888,731268.888
1636718334.462,743539.448,731268.888
1636718334.761,731268.888,731268.888
1636718335.064,743539.448,731268.888
1636718335.363,731268.888,731268.888
1636718335.662,731268.888,731268.888
1636718335.965,731268.888,731268.888
1636718336.264,731268.888,731268.888
1636718336.563,743539.448,731268.888
1636718336.866,731268.888,731268.888
1636718337.165,743539.448,731268.888
1636718337.464,731268.888,731268.888
1636718337.763,731268.888,731268.888
1636718338.066,743539.448,731268.888
1636718338.365,731268.888,731268.888
1636718338.664,743539.448,731268.888
1636718338.967,731268.888,731268.888
1636718339.266,731268.888,731268.888
1636718339.565,743539.448,731268.888
1636718339.868,756173.661,731268.888
1636718340.167,731268.888,731268.888
1636718340.466,743539.448,731268.888
1636718340.765,731268.888,731268.888
1636718341.068,743539.448,731268.888
1636718341.367,731268.888,731268.888
1636718341.666,743539.448,731268.888
1636718341.969,731268.888,731268.888
1636718342.268,731268.888,731268.888
1636718342.568,731268.888,731268.888
1636718342.87,731268.888,731268.888
1636718343.169,731268.888,731268.888
1636718343.469,731268.888,731268.888
1636718343.771,743539.448,731268.888
1636718344.071,731268.888,731268.888
1636718344.37,743539.448,731268.888
1636718344.669,731268.888,731268.888
1636718344.972,731268.888,731268.888
1636718345.271,731268.888,731268.888
1636718345.57,731268.888,731268.888
1636718345.873,731268.888,731268.888
1636718346.172,743539.448,731268.888
1636718346.471,743539.448,731268.888
1636718346.774,743539.448,731268.888
1636718347.073,731268.888,731268.888
1636718347.372,756173.661,731268.888
1636718347.675,743539.448,731268.888
1636718347.974,731268.888,731268.888
1636718348.273,756173.661,731268.888
1636718348.572,743539.448,731268.888
1636718348.875,731268.888,731268.888
1636718349.174,731268.888,731268.888
1636718349.473,731268.888,731268.888
1636718349.776,731268.888,731268.888
1636718350.075,731268.888,731268.888
1636718350.374,731268.888,731268.888
1636718350.677,743539.448,731268.888
1636718350.976,731268.888,731268.888
1636718351.275,731268.888,731268.888
1636718351.578,743539.448,731268.888
1636718351.877,743539.448,731268.888
1636718352.176,731268.888,731268.888
1636718352.475,743539.448,731268.888
1636718352.778,743539.448,731268.888
1636718353.077,731268.888,731268.888
1636718353.376,743539.448,731268.888
1636718353.679,743539.448,731268.888
1636718353.978,731268.888,731268.888
1636718354.277,743539.448,731268.888
1636718354.58,719346.899,731268.888
1636718354.879,731268.888,731268.888
1636718355.179,731268.888,731268.888
1636718355.478,743539.448,731268.888
1636718355.78,743539.448,731268.888
1636718356.08,731268.888,731268.888
1636718356.379,731268.888,731268.888
1636718356.681,731268.888,731268.888
1636718356.981,731268.888,731268.888
1636718357.28,731268.888,731268.888
1636718357.582,743539.448,731268.888
1636718357.881,743539.448,731268.888
1636718358.181,731268.888,731268.888
1636718358.484,731268.888,731268.888
1636718358.783,743539.448,731268.888
1636718359.082,756173.661,731268.888
1636718359.381,731268.888,731268.888
1636718359.684,743539.448,731268.888
1636718359.983,743539.448,731268.888
1636718360.282,743539.448,731268.888
1636718360.585,743539.448,731268.888
1636718360.884,743539.448,731268.888
1636718361.183,756173.661,731268.888
1636718361.486,731268.888,743539.448
1636718361.785,731268.888,743539.448
1636718362.084,743539.448,731268.888
1636718362.387,743539.448,731268.888
1636718362.686,743539.448,731268.888
1636718362.985,731268.888,731268.888
1636718363.284,731268.888,731268.888
1636718363.587,731268.888,731268.888
1636718363.886,756173.661,731268.888
1636718364.185,743539.448,731268.888
1636718364.488,719346.899,731268.888
1636718364.787,731268.888,731268.888
1636718365.086,731268.888,731268.888
1636718365.389,731268.888,731268.888
1636718365.688,743539.448,731268.888
1636718365.987,743539.448,731268.888
1636718366.29,743539.448,731268.888
1636718366.589,743539.448,731268.888
1636718366.888,731268.888,731268.888
1636718367.187,731268.888,731268.888
1636718367.49,731268.888,731268.888
1636718367.789,743539.448,731268.888
1636718368.089,743539.448,731268.888
1636718368.391,743539.448,731268.888
1636718368.69,731268.888,731268.888
1636718368.99,731268.888,731268.888
1636718369.293,731268.888,731268.888
1636718369.592,743539.448,731268.888
1636718369.891,743539.448,731268.888
1636718370.19,731268.888,731268.888
1636718370.493,731268.888,731268.888
1636718370.792,731268.888,731268.888
1636718371.091,731268.888,731268.888
1636718371.394,731268.888,731268.888
1636718371.693,731268.888,731268.888
1636718371.992,731268.888,731268.888
1636718372.295,731268.888,731268.888
1636718372.594,719346.899,731268.888
1636718372.893,731268.888,731268.888
1636718373.196,731268.888,719346.899
1636718373.495,731268.888,719346.899
1636718373.794,731268.888,719346.899
1636718374.093,743539.448,719346.899
1636718374.396,743539.448,731268.888
1636718374.695,731268.888,731268.888
1636718374.994,743539.448,731268.888
1636718375.297,731268.888,731268.888
1636718375.596,743539.448,731268.888
1636718375.895,731268.888,731268.888
1636718376.198,731268.888,731268.888
1636718376.497,731268.888,731268.888
1636718376.796,731268.888,731268.888
1636718377.099,731268.888,731268.888
1636718377.398,731268.888,731268.888
1636718377.697,731268.888,731268.888
1636718377.996,731268.888,731268.888
1636718378.299,731268.888,731268.888
1636718378.598,731268.888,731268.888
1636718378.897,731268.888,731268.888
1636718379.2,731268.888,731268.888
1636718379.499,731268.888,731268.888
1636718379.798,743539.448,731268.888
1636718380.101,731268.888,731268.888
1636718380.4,731268.888,731268.888
1636718380.699,731268.888,731268.888
1636718381.002,731268.888,731268.888
1636718381.302,719346.899,731268.888
1636718381.601,731268.888,731268.888
1636718381.9,731268.888,731268.888
1636718382.203,731268.888,731268.888
1636718382.502,731268.888,731268.888
1636718382.801,743539.448,731268.888
1636718383.104,731268.888,731268.888
1636718383.403,731268.888,731268.888
1636718383.702,731268.888,731268.888
1636718384.005,743539.448,731268.888
1636718384.304,731268.888,731268.888
1636718384.603,731268.888,731268.888
1636718384.902,743539.448,731268.888
1636718385.205,731268.888,731268.888
1636718385.504,743539.448,731268.888
1636718385.803,743539.448,731268.888
1636718386.106,731268.888,731268.888
1636718386.405,743539.448,731268.888
1636718386.704,731268.888,731268.888
1636718387.007,731268.888,731268.888
1636718387.306,731268.888,731268.888
1636718387.605,731268.888,731268.888
1636718387.908,731268.888,731268.888
1636718388.207,731268.888,731268.888
1636718388.506,756173.661,731268.888
1636718388.805,719346.899,731268.888
1636718389.108,743539.448,731268.888
1636718389.407,731268.888,731268.888
1636718389.706,731268.888,731268.888
1636718390.009,743539.448,731268.888
1636718390.308,731268.888,731268.888
1636718390.607,731268.888,731268.888
1636718390.91,731268.888,731268.888
1636718391.209,731268.888,731268.888
1636718391.508,719346.899,731268.888
1636718391.811,731268.888,731268.888
1636718392.11,731268.888,731268.888
1636718392.409,731268.888,731268.888
1636718392.709,743539.448,731268.888
1636718393.011,743539.448,731268.888
1636718393.311,743539.448,731268.888
1636718393.61,731268.888,731268.888
1636718393.912,743539.448,731268.888
1636718394.212,743539.448,731268.888
1636718394.511,769187.481,731268.888
1636718394.814,743539.448,731268.888
1636718395.113,743539.448,731268.888
1636718395.412,743539.448,743539.448
1636718395.711,731268.888,743539.448
1636718396.014,743539.448,743539.448
1636718396.313,743539.448,743539.448
1636718396.612,731268.888,743539.448
1636718396.915,743539.448,743539.448
1636718397.214,743539.448,743539.448
1636718397.513,743539.448,743539.448
1636718397.816,769187.481,731268.888
1636718398.115,743539.448,743539.448
1636718398.414,731268.888,743539.448
1636718398.717,731268.888,731268.888
1636718399.016,719346.899,731268.888
1636718399.315,731268.888,731268.888
1636718399.614,731268.888,731268.888
1636718399.917,731268.888,731268.888
1636718400.216,731268.888,731268.888
1636718400.515,719346.899,731268.888
1636718400.818,756173.661,731268.888
1636718401.117,731268.888,731268.888
1636718401.416,743539.448,731268.888
1636718401.719,731268.888,731268.888
1636718402.018,731268.888,731268.888
1636718402.317,731268.888,731268.888
1636718402.62,743539.448,731268.888
1636718402.919,731268.888,731268.888
1636718403.218,731268.888,731268.888
1636718403.517,731268.888,731268.888
1636718403.82,731268.888,731268.888
1636718404.119,743539.448,731268.888
1636718404.418,731268.888,731268.888
1636718404.721,743539.448,731268.888
1636718405.02,743539.448,731268.888
1636718405.32,743539.448,731268.888
1636718405.622,743539.448,731268.888
1636718405.921,743539.448,731268.888
1636718406.221,731268.888,731268.888
1636718406.523,731268.888,731268.888
1636718406.823,731268.888,731268.888
1636718407.122,743539.448,731268.888
1636718407.421,743539.448,731268.888
1636718407.724,731268.888,731268.888
1636718408.023,743539.448,731268.888
1636718408.322,743539.448,731268.888
1636718408.625,743539.448,731268.888
1636718408.924,743539.448,731268.888
1636718409.223,743539.448,731268.888
1636718409.526,731268.888,731268.888
1636718409.825,731268.888,731268.888
1636718410.124,731268.888,731268.888
1636718410.423,743539.448,731268.888
1636718410.726,731268.888,731268.888
1636718411.025,731268.888,731268.888
1636718411.324,731268.888,731268.888
1636718411.627,731268.888,731268.888
1636718411.926,731268.888,731268.888
1636718412.225,731268.888,731268.888
1636718412.528,743539.448,731268.888
1636718412.827,731268.888,731268.888
1636718413.126,743539.448,731268.888
1636718413.429,731268.888,731268.888
1636718413.728,731268.888,731268.888
1636718414.027,731268.888,731268.888
1636718414.326,731268.888,731268.888
1636718414.629,731268.888,731268.888
1636718414.928,731268.888,731268.888
1636718415.227,731268.888,731268.888
1636718415.53,743539.448,731268.888
1636718415.829,743539.448,731268.888
1636718416.128,731268.888,731268.888
1636718416.431,743539.448,731268.888
1636718416.73,743539.448,731268.888
1636718417.029,743539.448,731268.888
1636718417.332,731268.888,731268.888
1636718417.631,731268.888,731268.888
1636718417.93,743539.448,731268.888
1636718418.23,719346.899,731268.888
1636718418.532,743539.448,731268.888
1636718418.832,731268.888,731268.888
1636718419.131,731268.888,731268.888
1636718419.433,731268.888,731268.888
1636718419.733,731268.888,731268.888
1636718420.032,743539.448,731268.888
1636718420.335,743539.448,731268.888
1636718420.634,731268.888,731268.888
1636718420.933,743539.448,731268.888
1636718421.236,731268.888,731268.888
1636718421.535,731268.888,731268.888
1636718421.834,731268.888,731268.888
1636718422.133,743539.448,731268.888
1636718422.436,743539.448,731268.888
1636718422.735,731268.888,731268.888
1636718423.034,731268.888,731268.888
1636718423.337,719346.899,731268.888
1636718423.636,731268.888,731268.888
1636718423.935,731268.888,731268.888
1636718424.238,743539.448,731268.888
1636718424.537,743539.448,731268.888
1636718424.836,756173.661,731268.888
1636718425.135,731268.888,731268.888
1636718425.438,731268.888,731268.888
1636718425.737,743539.448,731268.888
1636718426.036,743539.448,731268.888
1636718426.339,731268.888,731268.888
1636718426.638,731268.888,731268.888
1636718426.937,731268.888,731268.888
1636718427.24,731268.888,731268.888
1636718427.539,743539.448,731268.888
1636718427.838,731268.888,731268.888
1636718428.141,743539.448,731268.888
1636718428.44,769187.481,731268.888
1636718428.739,743539.448,731268.888
1636718429.038,731268.888,731268.888
1636718429.341,731268.888,731268.888
1636718429.64,743539.448,731268.888
1636718429.939,756173.661,731268.888
1636718430.242,743539.448,731268.888
1636718430.541,743539.448,743539.448
1636718430.841,731268.888,743539.448
1636718431.143,731268.888,743539.448
1636718431.442,731268.888,731268.888
1636718431.742,719346.899,731268.888
1636718432.044,731268.888,731268.888
1636718432.344,731268.888,731268.888
1636718432.643,743539.448,731268.888
1636718432.942,731268.888,731268.888
1636718433.245,731268.888,731268.888
1636718433.544,731268.888,731268.888
1636718433.843,743539.448,731268.888
1636718434.146,719346.899,731268.888
1636718434.445,731268.888,731268.888
1636718434.744,731268.888,731268.888
1636718435.047,743539.448,731268.888
1636718435.346,731268.888,731268.888
1636718435.645,719346.899,731268.888
1636718435.948,731268.888,731268.888
1636718436.247,731268.888,731268.888
1636718436.546,743539.448,731268.888
1636718436.845,731268.888,731268.888
1636718437.148,731268.888,731268.888
1636718437.447,731268.888,731268.888
1636718437.746,743539.448,731268.888
1636718438.049,731268.888,731268.888
1636718438.348,731268.888,731268.888
1636718438.647,731268.888,731268.888
1636718438.95,731268.888,731268.888
1636718439.249,743539.448,731268.888
1636718439.548,743539.448,731268.888
1636718439.847,731268.888,731268.888
1636718440.15,731268.888,731268.888
1636718440.449,731268.888,731268.888
1636718440.748,743539.448,731268.888
1636718441.051,743539.448,731268.888
1636718441.35,731268.888,731268.888
1636718441.649,743539.448,731268.888
1636718441.952,731268.888,731268.888
1636718442.251,743539.448,731268.888
1636718442.55,743539.448,731268.888
1636718442.853,743539.448,731268.888
1636718443.152,743539.448,731268.888
1636718443.451,731268.888,731268.888
1636718443.751,756173.661,731268.888
1636718444.053,731268.888,731268.888
1636718444.353,731268.888,731268.888
1636718444.652,731268.888,731268.888
1636718444.954,731268.888,731268.888
1636718445.254,731268.888,731268.888
1636718445.553,731268.888,731268.888
1636718445.856,743539.448,731268.888
1636718446.155,743539.448,731268.888
1636718446.454,743539.448,731268.888
1636718446.757,731268.888,731268.888
1636718447.056,731268.888,731268.888
1636718447.355,731268.888,731268.888
1636718447.654,743539.448,731268.888
1636718447.957,731268.888,731268.888
1636718448.256,731268.888,731268.888
1636718448.555,731268.888,731268.888
1636718448.858,731268.888,731268.888
1636718449.157,731268.888,731268.888
1636718449.456,743539.448,731268.888
1636718449.759,743539.448,731268.888
1636718450.058,731268.888,731268.888
1636718450.357,731268.888,731268.888
1636718450.66,743539.448,731268.888
1636718450.959,731268.888,731268.888
1636718451.258,743539.448,731268.888
1636718451.557,731268.888,731268.888
1636718451.86,743539.448,731268.888
1636718452.159,731268.888,731268.888
1636718452.458,731268.888,731268.888
1636718452.761,731268.888,731268.888
1636718453.06,743539.448,731268.888
1636718453.359,743539.448,731268.888
1636718453.662,743539.448,731268.888
1636718453.961,756173.661,731268.888
1636718454.26,731268.888,731268.888
1636718454.559,731268.888,731268.888
1636718454.862,731268.888,731268.888
1636718455.161,731268.888,731268.888
1636718455.46,743539.448,731268.888
1636718455.763,731268.888,731268.888
1636718456.062,731268.888,731268.888
1636718456.362,731268.888,731268.888
1636718456.664,743539.448,731268.888
1636718456.963,743539.448,731268.888
1636718457.263,731268.888,731268.888
1636718457.565,743539.448,731268.888
1636718457.865,731268.888,731268.888
1636718458.164,731268.888,731268.888
1636718458.463,731268.888,731268.888
1636718458.766,731268.888,731268.888
1636718459.065,731268.888,731268.888
1636718459.364,731268.888,731268.888
1636718459.667,731268.888,731268.888
1636718459.966,731268.888,731268.888
1636718460.265,731268.888,731268.888
1636718460.568,731268.888,731268.888
1636718460.867,731268.888,731268.888
1636718461.166,743539.448,731268.888
1636718461.469,731268.888,731268.888
1636718461.768,731268.888,731268.888
1636718462.067,719346.899,731268.888
1636718462.366,731268.888,731268.888
1636718462.669,731268.888,731268.888
1636718462.968,756173.661,731268.888
1636718463.267,731268.888,731268.888
1636718463.57,731268.888,731268.888
1636718463.869,731268.888,731268.888
1636718464.168,731268.888,731268.888
1636718464.471,743539.448,731268.888
1636718464.77,731268.888,731268.888
1636718465.069,743539.448,731268.888
1636718465.372,743539.448,731268.888
1636718465.671,743539.448,731268.888
1636718465.97,743539.448,731268.888
1636718466.269,731268.888,731268.888
1636718466.572,731268.888,731268.888
1636718466.871,743539.448,731268.888
1636718467.17,731268.888,731268.888
1636718467.473,731268.888,731268.888
1636718467.772,731268.888,731268.888
1636718468.071,756173.661,731268.888
1636718468.374,731268.888,731268.888
1636718468.673,731268.888,731268.888
1636718468.972,719346.899,731268.888
1636718469.272,743539.448,731268.888
1636718469.574,731268.888,731268.888
1636718469.874,731268.888,731268.888
1636718470.173,743539.448,731268.888
1636718470.475,743539.448,731268.888
1636718470.775,731268.888,731268.888
1636718471.074,731268.888,731268.888
1636718471.377,731268.888,731268.888
1636718471.676,731268.888,731268.888
1636718471.975,731268.888,731268.888
1636718472.278,731268.888,731268.888
1636718472.577,743539.448,731268.888
1636718472.876,731268.888,731268.888
1636718473.175,731268.888,731268.888
1636718473.478,731268.888,731268.888
1636718473.777,731268.888,731268.888
1636718474.076,731268.888,731268.888
1636718474.379,731268.888,731268.888
1636718474.678,731268.888,731268.888
1636718474.977,731268.888,731268.888
1636718475.28,731268.888,731268.888
1636718475.579,731268.888,731268.888
1636718475.878,731268.888,731268.888
1636718476.181,731268.888,731268.888
1636718476.48,756173.661,731268.888
1636718476.779,731268.888,731268.888
1636718477.078,756173.661,731268.888
1636718477.381,731268.888,731268.888
1636718477.68,731268.888,731268.888
1636718477.979,719346.899,731268.888
1636718478.282,731268.888,731268.888
1636718478.581,731268.888,731268.888
1636718478.88,743539.448,731268.888
1636718479.183,731268.888,731268.888
1636718479.482,743539.448,731268.888
1636718479.781,743539.448,731268.888
1636718480.084,731268.888,731268.888
1636718480.383,731268.888,731268.888
1636718480.682,743539.448,731268.888
1636718480.981,731268.888,731268.888
1636718481.284,743539.448,731268.888
1636718481.583,743539.448,731268.888
1636718481.883,731268.888,731268.888
1636718482.185,756173.661,731268.888
1636718482.484,743539.448,731268.888
1636718482.784,731268.888,731268.888
1636718483.086,731268.888,731268.888
1636718483.386,731268.888,731268.888
1636718483.685,731268.888,731268.888
1636718483.984,731268.888,731268.888
1636718484.287,731268.888,731268.888
1636718484.586,731268.888,731268.888
1636718484.885,743539.448,731268.888
1636718485.188,731268.888,731268.888
1636718485.487,731268.888,731268.888
1636718485.786,769187.481,731268.888
1636718486.089,719346.899,731268.888
1636718486.388,731268.888,731268.888
1636718486.687,731268.888,731268.888
1636718486.99,731268.888,731268.888
1636718487.289,743539.448,731268.888
1636718487.588,731268.888,731268.888
1636718487.887,731268.888,731268.888
1636718488.19,743539.448,731268.888
1636718488.489,743539.448,731268.888
1636718488.788,719346.899,731268.888
1636718489.091,731268.888,731268.888
1636718489.39,731268.888,731268.888
1636718489.689,731268.888,731268.888
1636718489.992,731268.888,731268.888
1636718490.291,743539.448,731268.888
1636718490.59,731268.888,731268.888
1636718490.893,731268.888,731268.888
1636718491.192,743539.448,731268.888
1636718491.491,731268.888,731268.888
1636718491.79,743539.448,731268.888
1636718492.093,743539.448,731268.888
1636718492.392,731268.888,731268.888
1636718492.691,731268.888,731268.888
1636718492.994,731268.888,731268.888
1636718493.293,743539.448,731268.888
1636718493.592,731268.888,731268.888
1636718493.895,731268.888,731268.888
1636718494.194,731268.888,731268.888
1636718494.493,731268.888,731268.888
1636718494.793,731268.888,731268.888
1636718495.095,743539.448,731268.888
1636718495.395,731268.888,731268.888
1636718495.694,719346.899,731268.888
1636718495.996,731268.888,731268.888
1636718496.296,731268.888,731268.888
1636718496.595,719346.899,731268.888
1636718496.898,731268.888,719346.899
1636718497.197,731268.888,719346.899
1636718497.496,743539.448,719346.899
1636718497.799,731268.888,731268.888
1636718498.098,731268.888,731268.888
1636718498.397,731268.888,719346.899
1636718498.696,731268.888,719346.899
1636718498.999,731268.888,731268.888
1636718499.298,743539.448,731268.888
1636718499.597,731268.888,731268.888
1636718499.9,731268.888,731268.888
1636718500.199,743539.448,731268.888
1636718500.498,731268.888,731268.888
1636718500.801,743539.448,731268.888
1636718501.1,743539.448,731268.888
1636718501.399,743539.448,731268.888
1636718501.702,731268.888,731268.888
1636718502.001,731268.888,731268.888
1636718502.3,731268.888,731268.888
1636718502.599,756173.661,731268.888
1636718502.902,756173.661,731268.888
1636718503.201,731268.888,731268.888
1636718503.5,743539.448,731268.888
1636718503.803,743539.448,731268.888
1636718504.102,731268.888,731268.888
1636718504.401,731268.888,731268.888
1636718504.704,743539.448,731268.888
1636718505.003,731268.888,731268.888
1636718505.302,731268.888,731268.888
1636718505.605,719346.899,731268.888
1636718505.904,743539.448,731268.888
1636718506.203,731268.888,731268.888
1636718506.502,731268.888,731268.888
1636718506.805,731268.888,731268.888
1636718507.104,731268.888,731268.888
1636718507.404,756173.661,731268.888
1636718507.706,743539.448,731268.888
1636718508.005,731268.888,731268.888
1636718508.305,731268.888,731268.888
1636718508.607,731268.888,731268.888
1636718508.907,731268.888,731268.888
1636718509.206,731268.888,731268.888
1636718509.505,731268.888,731268.888
1636718509.808,731268.888,731268.888
1636718510.107,743539.448,731268.888
1636718510.406,756173.661,731268.888
1636718510.709,743539.448,731268.888
1636718511.008,731268.888,731268.888
1636718511.307,731268.888,731268.888
1636718511.61,731268.888,731268.888
1636718511.909,719346.899,731268.888
1636718512.208,731268.888,731268.888
1636718512.511,731268.888,731268.888
1636718512.81,731268.888,731268.888
1636718513.109,731268.888,731268.888
1636718513.408,719346.899,731268.888
1636718513.711,743539.448,719346.899
1636718514.01,731268.888,719346.899
1636718514.309,731268.888,719346.899
1636718514.612,731268.888,719346.899
1636718514.911,731268.888,719346.899
1636718515.21,731268.888,731268.888
1636718515.513,743539.448,731268.888
1636718515.812,756173.661,731268.888
1636718516.111,731268.888,731268.888
1636718516.414,731268.888,731268.888
1636718516.713,731268.888,731268.888
1636718517.012,731268.888,731268.888
1636718517.311,731268.888,731268.888
1636718517.614,743539.448,731268.888
1636718517.913,731268.888,731268.888
1636718518.212,731268.888,731268.888
1636718518.515,769187.481,731268.888
1636718518.814,731268.888,731268.888
1636718519.113,731268.888,731268.888
1636718519.416,731268.888,731268.888
1636718519.715,731268.888,731268.888
1636718520.014,731268.888,731268.888
1636718520.317,731268.888,731268.888
1636718520.616,731268.888,731268.888
1636718520.916,731268.888,731268.888
1636718521.215,731268.888,731268.888
1636718521.517,743539.448,731268.888
1636718521.817,731268.888,731268.888
1636718522.116,743539.448,731268.888
1636718522.419,731268.888,731268.888
1636718522.718,731268.888,731268.888
1636718523.017,731268.888,731268.888
1636718523.32,731268.888,731268.888
1636718523.619,719346.899,731268.888
1636718523.918,731268.888,731268.888
1636718524.217,731268.888,731268.888
1636718524.52,731268.888,731268.888
1636718524.819,731268.888,731268.888
1636718525.118,731268.888,731268.888
1636718525.421,719346.899,719346.899
1636718525.72,743539.448,719346.899
1636718526.019,731268.888,719346.899
1636718526.322,731268.888,719346.899
1636718526.621,731268.888,719346.899
1636718526.92,731268.888,731268.888
1636718527.223,731268.888,731268.888
1636718527.522,731268.888,731268.888
1636718527.821,731268.888,731268.888
1636718528.12,743539.448,731268.888
1636718528.423,731268.888,731268.888
1636718528.722,731268.888,731268.888
1636718529.021,743539.448,731268.888
1636718529.324,731268.888,731268.888
1636718529.623,731268.888,731268.888
1636718529.922,731268.888,731268.888
1636718530.225,731268.888,731268.888
1636718530.524,743539.448,731268.888
1636718530.823,731268.888,731268.888
1636718531.126,731268.888,731268.888
1636718531.425,731268.888,731268.888
1636718531.724,731268.888,731268.888
1636718532.023,731268.888,731268.888
1636718532.326,731268.888,731268.888
1636718532.625,731268.888,731268.888
1636718532.925,731268.888,731268.888
1636718533.227,731268.888,731268.888
1636718533.526,731268.888,731268.888
1636718533.826,731268.888,731268.888
1636718534.129,731268.888,731268.888
1636718534.428,731268.888,731268.888
1636718534.727,731268.888,731268.888
1636718535.03,743539.448,731268.888
1636718535.329,731268.888,731268.888
1636718535.628,731268.888,731268.888
1636718535.927,731268.888,731268.888
1636718536.23,719346.899,731268.888
1636718536.529,731268.888,731268.888
1636718536.828,731268.888,731268.888
1636718537.131,731268.888,731268.888
1636718537.43,731268.888,731268.888
1636718537.729,769187.481,731268.888
1636718538.032,719346.899,731268.888
1636718538.331,719346.899,731268.888
1636718538.63,731268.888,731268.888
1636718538.929,731268.888,731268.888
1636718539.232,731268.888,731268.888
1636718539.531,743539.448,731268.888
1636718539.83,731268.888,731268.888
1636718540.133,743539.448,731268.888
1636718540.432,731268.888,731268.888
1636718540.731,756173.661,731268.888
1636718541.034,719346.899,731268.888
1636718541.333,743539.448,731268.888
1636718541.632,743539.448,731268.888
1636718541.935,731268.888,731268.888
1636718542.234,756173.661,731268.888
1636718542.533,731268.888,731268.888
1636718542.832,731268.888,731268.888
1636718543.135,743539.448,731268.888
1636718543.434,756173.661,731268.888
1636718543.733,743539.448,731268.888
1636718544.036,731268.888,731268.888
1636718544.335,743539.448,731268.888
1636718544.635,731268.888,731268.888
1636718544.937,743539.448,731268.888
1636718545.236,731268.888,731268.888
1636718545.535,731268.888,731268.888
1636718545.838,731268.888,731268.888
1636718546.137,731268.888,731268.888
1636718546.437,731268.888,731268.888
1636718546.736,731268.888,731268.888
1636718547.039,731268.888,731268.888
1636718547.338,731268.888,731268.888
1636718547.637,719346.899,731268.888
1636718547.94,731268.888,731268.888
1636718548.239,756173.661,719346.899
1636718548.538,731268.888,731268.888
1636718548.841,731268.888,731268.888
1636718549.14,719346.899,731268.888
1636718549.439,731268.888,731268.888
1636718549.742,731268.888,731268.888
1636718550.041,731268.888,731268.888
1636718550.34,731268.888,731268.888
1636718550.639,743539.448,731268.888
1636718550.942,719346.899,731268.888
1636718551.241,731268.888,731268.888
1636718551.54,731268.888,719346.899
1636718551.843,743539.448,719346.899
1636718552.142,731268.888,731268.888
1636718552.441,743539.448,731268.888
1636718552.744,743539.448,731268.888
1636718553.043,743539.448,731268.888
1636718553.342,743539.448,731268.888
1636718553.641,731268.888,731268.888
1636718553.944,731268.888,731268.888
1636718554.243,743539.448,731268.888
1636718554.542,743539.448,731268.888
1636718554.845,756173.661,731268.888
1636718555.144,743539.448,731268.888
1636718555.443,731268.888,731268.888
1636718555.746,731268.888,731268.888
1636718556.045,731268.888,731268.888
1636718556.344,743539.448,731268.888
1636718556.647,743539.448,731268.888
1636718556.946,731268.888,731268.888
1636718557.245,731268.888,731268.888
1636718557.544,743539.448,731268.888
1636718557.847,731268.888,731268.888
1636718558.146,731268.888,731268.888
1636718558.446,731268.888,731268.888
1636718558.748,731268.888,731268.888
1636718559.047,731268.888,731268.888
1636718559.347,743539.448,731268.888
1636718559.649,719346.899,731268.888
1636718559.949,743539.448,731268.888
1636718560.248,731268.888,731268.888
1636718560.551,731268.888,731268.888
1636718560.85,743539.448,731268.888
1636718561.149,743539.448,731268.888
1636718561.448,731268.888,731268.888
1636718561.751,731268.888,731268.888
1636718562.05,743539.448,731268.888
1636718562.349,731268.888,731268.888
1636718562.652,731268.888,731268.888
1636718562.951,731268.888,731268.888
1636718563.25,731268.888,731268.888
1636718563.553,731268.888,731268.888
1636718563.852,731268.888,731268.888
1636718564.151,731268.888,731268.888
1636718564.454,731268.888,731268.888
1636718564.753,743539.448,731268.888
1636718565.052,731268.888,731268.888
1636718565.351,731268.888,731268.888
1636718565.654,719346.899,731268.888
1636718565.953,731268.888,731268.888
1636718566.252,731268.888,731268.888
1636718566.555,719346.899,731268.888
1636718566.854,731268.888,719346.899
1636718567.153,731268.888,719346.899
1636718567.456,743539.448,719346.899
1636718567.755,743539.448,731268.888
1636718568.054,731268.888,731268.888
1636718568.353,731268.888,731268.888
1636718568.656,719346.899,731268.888
1636718568.955,731268.888,731268.888
1636718569.254,731268.888,731268.888
1636718569.557,731268.888,731268.888
1636718569.856,731268.888,731268.888
1636718570.155,731268.888,731268.888
1636718570.458,731268.888,731268.888
1636718570.757,731268.888,731268.888
1636718571.056,731268.888,719346.899
1636718571.359,719346.899,719346.899
1636718571.658,731268.888,719346.899
1636718571.958,719346.899,719346.899
1636718572.257,731268.888,719346.899
1636718572.56,731268.888,719346.899
1636718572.859,743539.448,719346.899
1636718573.158,731268.888,719346.899
1636718573.461,731268.888,719346.899
1636718573.76,719346.899,719346.899
1636718574.059,719346.899,719346.899
1636718574.362,719346.899,719346.899
1636718574.661,731268.888,719346.899
1636718574.96,719346.899,719346.899
1636718575.263,731268.888,719346.899
1636718575.562,731268.888,719346.899
1636718575.861,719346.899,719346.899
1636718576.16,731268.888,719346.899
1636718576.463,731268.888,719346.899
1636718576.762,743539.448,719346.899
1636718577.061,743539.448,719346.899
1636718577.364,731268.888,719346.899
1636718577.663,731268.888,731268.888
1636718577.962,731268.888,731268.888
1636718578.265,731268.888,731268.888
1636718578.564,743539.448,731268.888
1636718578.863,731268.888,731268.888
1636718579.166,756173.661,731268.888
1636718579.465,743539.448,731268.888
1636718579.764,731268.888,731268.888
1636718580.063,731268.888,731268.888
1636718580.366,731268.888,731268.888
1636718580.665,731268.888,731268.888
1636718580.964,731268.888,731268.888
1636718581.267,731268.888,731268.888
1636718581.566,719346.899,731268.888
1636718581.865,731268.888,731268.888
1636718582.168,731268.888,731268.888
1636718582.467,731268.888,731268.888
1636718582.766,719346.899,719346.899
1636718583.065,731268.888,719346.899
1636718583.368,731268.888,719346.899
1636718583.667,731268.888,719346.899
1636718583.967,731268.888,719346.899
1636718584.269,731268.888,719346.899
1636718584.569,731268.888,719346.899
1636718584.868,731268.888,719346.899
1636718585.171,731268.888,719346.899
1636718585.47,731268.888,719346.899
1636718585.769,719346.899,719346.899
1636718586.072,719346.899,719346.899
1636718586.371,719346.899,719346.899
1636718586.67,719346.899,719346.899
1636718586.969,731268.888,719346.899
1636718587.272,731268.888,719346.899
1636718587.571,731268.888,719346.899
1636718587.87,731268.888,719346.899
1636718588.173,731268.888,719346.899
1636718588.472,731268.888,719346.899
1636718588.771,731268.888,719346.899
1636718589.074,743539.448,719346.899
1636718589.373,743539.448,719346.899
1636718589.672,719346.899,731268.888
1636718589.975,731268.888,731268.888
1636718590.274,731268.888,731268.888
1636718590.573,743539.448,731268.888
1636718590.872,731268.888,731268.888
1636718591.175,731268.888,731268.888
1636718591.474,731268.888,731268.888
1636718591.773,731268.888,731268.888
1636718592.076,731268.888,731268.888
1636718592.375,731268.888,731268.888
1636718592.674,731268.888,731268.888
1636718592.977,731268.888,731268.888
1636718593.276,731268.888,731268.888
1636718593.575,731268.888,731268.888
1636718593.878,731268.888,731268.888
1636718594.177,743539.448,731268.888
1636718594.476,731268.888,731268.888
1636718594.775,731268.888,731268.888
1636718595.078,719346.899,731268.888
1636718595.377,731268.888,731268.888
1636718595.676,731268.888,731268.888
1636718595.979,731268.888,731268.888
1636718596.278,731268.888,731268.888
1636718596.578,743539.448,731268.888
1636718596.88,731268.888,731268.888
1636718597.18,731268.888,731268.888
1636718597.478,731268.888,731268.888
1636718597.777,743539.448,731268.888
1636718598.081,731268.888,731268.888
1636718598.38,731268.888,731268.888
1636718598.679,719346.899,731268.888
1636718598.982,731268.888,731268.888
1636718599.281,731268.888,731268.888
1636718599.58,756173.661,731268.888
1636718599.883,731268.888,731268.888
1636718600.182,756173.661,731268.888
1636718600.481,719346.899,731268.888
1636718600.784,731268.888,731268.888
1636718601.083,731268.888,731268.888
1636718601.382,731268.888,731268.888
1636718601.681,743539.448,731268.888
1636718601.984,731268.888,731268.888
1636718602.283,756173.661,731268.888
1636718602.582,731268.888,731268.888
1636718602.885,731268.888,731268.888
1636718603.184,719346.899,731268.888
1636718603.483,731268.888,731268.888
1636718603.786,731268.888,731268.888
1636718604.085,731268.888,731268.888
1636718604.384,731268.888,731268.888
1636718604.687,731268.888,731268.888
1636718604.986,719346.899,731268.888
1636718605.285,743539.448,731268.888
1636718605.584,731268.888,719346.899
1636718605.887,731268.888,719346.899
1636718606.186,719346.899,719346.899
1636718606.485,731268.888,719346.899
1636718606.788,743539.448,719346.899
1636718607.087,719346.899,731268.888
1636718607.386,707759.211,719346.899
1636718607.689,731268.888,719346.899
1636718607.988,731268.888,719346.899
1636718608.287,731268.888,719346.899
1636718608.59,731268.888,719346.899
1636718608.889,731268.888,719346.899
1636718609.189,719346.899,719346.899
1636718609.488,731268.888,719346.899
1636718609.79,731268.888,719346.899
1636718610.09,731268.888,719346.899
1636718610.389,731268.888,719346.899
1636718610.692,731268.888,719346.899
1636718610.991,731268.888,719346.899
1636718611.29,743539.448,719346.899
1636718611.593,731268.888,731268.888
1636718611.892,743539.448,731268.888
1636718612.191,731268.888,731268.888
1636718612.49,731268.888,731268.888
1636718612.793,731268.888,731268.888
1636718613.092,743539.448,731268.888
1636718613.391,731268.888,731268.888
1636718613.694,743539.448,731268.888
1636718613.993,743539.448,731268.888
1636718614.292,743539.448,731268.888
1636718614.595,719346.899,731268.888
1636718614.894,719346.899,731268.888
1636718615.193,731268.888,731268.888
1636718615.496,719346.899,731268.888
1636718615.795,743539.448,731268.888
1636718616.094,731268.888,731268.888
1636718616.393,731268.888,731268.888
1636718616.696,731268.888,731268.888
1636718616.995,731268.888,731268.888
1636718617.294,731268.888,719346.899
1636718617.597,719346.899,719346.899
1636718617.896,731268.888,719346.899
1636718618.195,731268.888,719346.899
1636718618.498,719346.899,719346.899
1636718618.797,719346.899,719346.899
1636718619.096,731268.888,719346.899
1636718619.399,731268.888,719346.899
1636718619.698,743539.448,719346.899
1636718619.997,731268.888,719346.899
1636718620.296,731268.888,719346.899
1636718620.599,731268.888,719346.899
1636718620.898,756173.661,719346.899
1636718621.197,743539.448,731268.888
1636718621.5,731268.888,731268.888
1636718621.799,731268.888,731268.888
1636718622.099,719346.899,731268.888
1636718622.401,731268.888,731268.888
1636718622.701,731268.888,731268.888
1636718623.0,743539.448,731268.888
1636718623.303,743539.448,731268.888
1636718623.602,719346.899,731268.888
1636718623.901,731268.888,731268.888
1636718624.2,731268.888,731268.888
1636718624.503,731268.888,731268.888
1636718624.802,731268.888,731268.888
1636718625.101,731268.888,731268.888
1636718625.404,719346.899,731268.888
1636718625.703,731268.888,731268.888
1636718626.002,719346.899,731268.888
1636718626.305,731268.888,719346.899
1636718626.604,719346.899,719346.899
1636718626.903,731268.888,719346.899
1636718627.202,731268.888,719346.899
1636718627.505,719346.899,719346.899
1636718627.804,756173.661,719346.899
1636718628.103,719346.899,719346.899
1636718628.406,731268.888,719346.899
1636718628.705,719346.899,719346.899
1636718629.004,719346.899,719346.899
1636718629.307,743539.448,719346.899
1636718629.606,731268.888,719346.899
1636718629.905,719346.899,719346.899
1636718630.208,731268.888,719346.899
1636718630.507,719346.899,719346.899
1636718630.806,743539.448,719346.899
1636718631.105,743539.448,719346.899
1636718631.408,756173.661,719346.899
1636718631.707,731268.888,731268.888
1636718632.006,731268.888,731268.888
1636718632.309,743539.448,731268.888
1636718632.608,769187.481,731268.888
1636718632.907,731268.888,731268.888
1636718633.21,719346.899,731268.888
1636718633.509,731268.888,731268.888
1636718633.808,731268.888,731268.888
1636718634.111,743539.448,731268.888
1636718634.41,719346.899,731268.888
1636718634.71,731268.888,731268.888
1636718635.009,731268.888,731268.888
1636718635.311,719346.899,731268.888
1636718635.611,743539.448,731268.888
1636718635.91,731268.888,719346.899
1636718636.213,719346.899,719346.899
1636718636.512,731268.888,719346.899
1636718636.811,731268.888,719346.899
1636718637.114,731268.888,719346.899
1636718637.413,731268.888,719346.899
1636718637.712,731268.888,719346.899
1636718638.015,731268.888,719346.899
1636718638.314,743539.448,719346.899
1636718638.613,731268.888,731268.888
1636718638.912,731268.888,731268.888
1636718639.215,743539.448,731268.888
1636718639.514,731268.888,731268.888
1636718639.813,731268.888,731268.888
1636718640.116,731268.888,731268.888
1636718640.415,769187.481,731268.888
1636718640.714,731268.888,731268.888
1636718641.017,731268.888,731268.888
1636718641.316,731268.888,731268.888
1636718641.615,719346.899,731268.888
1636718641.914,743539.448,731268.888
1636718642.217,731268.888,731268.888
1636718642.516,731268.888,731268.888
1636718642.815,731268.888,731268.888
1636718643.118,743539.448,731268.888
1636718643.417,731268.888,731268.888
1636718643.716,756173.661,731268.888
1636718644.019,731268.888,731268.888
1636718644.318,719346.899,731268.888
1636718644.617,719346.899,731268.888
1636718644.92,731268.888,731268.888
1636718645.219,719346.899,731268.888
1636718645.518,731268.888,731268.888
1636718645.817,731268.888,731268.888
1636718646.12,731268.888,731268.888
1636718646.419,731268.888,719346.899
1636718646.719,719346.899,719346.899
1636718647.021,731268.888,719346.899
1636718647.32,731268.888,719346.899
1636718647.62,731268.888,719346.899
1636718647.922,731268.888,719346.899
1636718648.222,731268.888,719346.899
1636718648.521,731268.888,719346.899
