1636717856.464,949.0,0.0
1636717856.767,948.0,948.0
1636717857.066,948.0,948.0
1636717857.369,948.0,948.0
1636717857.668,948.0,948.0
1636717857.967,948.0,948.0
1636717858.266,948.0,948.0
1636717858.569,948.0,948.0
1636717858.868,949.0,948.0
1636717859.167,949.0,948.0
1636717859.47,950.0,948.0
1636717859.769,949.0,948.0
1636717860.069,948.0,948.0
1636717860.371,948.0,948.0
1636717860.67,948.0,948.0
1636717860.97,949.0,948.0
1636717861.272,948.0,948.0
1636717861.571,948.0,948.0
1636717861.871,950.0,948.0
1636717862.17,948.0,948.0
1636717862.473,949.0,948.0
1636717862.772,948.0,948.0
1636717863.071,948.0,948.0
1636717863.374,948.0,948.0
1636717863.673,948.0,948.0
1636717863.972,949.0,948.0
1636717864.275,948.0,948.0
1636717864.574,948.0,948.0
1636717864.873,948.0,948.0
1636717865.176,949.0,948.0
1636717865.475,948.0,948.0
1636717865.774,949.0,948.0
1636717866.073,948.0,948.0
1636717866.376,948.0,948.0
1636717866.675,949.0,948.0
1636717866.974,948.0,948.0
1636717867.277,948.0,948.0
1636717867.576,948.0,948.0
1636717867.875,948.0,948.0
1636717868.178,948.0,948.0
1636717868.477,949.0,948.0
1636717868.776,949.0,948.0
1636717869.079,948.0,948.0
1636717869.378,949.0,948.0
1636717869.677,949.0,948.0
1636717869.976,948.0,948.0
1636717870.279,949.0,948.0
1636717870.578,949.0,948.0
1636717870.877,949.0,948.0
1636717871.18,948.0,948.0
1636717871.479,949.0,948.0
1636717871.778,949.0,948.0
1636717872.081,948.0,948.0
1636717872.38,948.0,948.0
1636717872.679,948.0,948.0
1636717872.982,948.0,948.0
1636717873.281,948.0,948.0
1636717873.58,949.0,948.0
1636717873.88,949.0,948.0
1636717874.182,949.0,948.0
1636717874.482,950.0,948.0
1636717874.781,950.0,948.0
1636717875.083,949.0,948.0
1636717875.383,948.0,948.0
1636717875.682,949.0,948.0
1636717875.985,948.0,948.0
1636717876.284,948.0,948.0
1636717876.583,949.0,948.0
1636717876.886,948.0,948.0
1636717877.185,948.0,948.0
1636717877.484,948.0,948.0
1636717877.783,949.0,948.0
1636717878.086,949.0,948.0
1636717878.385,948.0,948.0
1636717878.684,948.0,948.0
1636717878.987,949.0,948.0
1636717879.286,948.0,948.0
1636717879.585,948.0,948.0
1636717879.888,948.0,948.0
1636717880.187,948.0,948.0
1636717880.486,950.0,948.0
1636717880.785,948.0,948.0
1636717881.088,947.0,948.0
1636717881.387,948.0,948.0
1636717881.686,948.0,948.0
1636717881.989,948.0,948.0
1636717882.288,948.0,948.0
1636717882.587,948.0,948.0
1636717882.89,948.0,948.0
1636717883.189,948.0,948.0
1636717883.488,948.0,948.0
1636717883.791,948.0,947.0
1636717884.09,948.0,947.0
1636717884.389,948.0,948.0
1636717884.688,950.0,948.0
1636717884.991,948.0,948.0
1636717885.29,948.0,948.0
1636717885.59,948.0,948.0
1636717885.892,948.0,948.0
1636717886.192,948.0,948.0
1636717886.49,949.0,948.0
1636717886.793,949.0,948.0
1636717887.092,949.0,948.0
1636717887.392,949.0,948.0
1636717887.695,948.0,948.0
1636717887.994,949.0,948.0
1636717888.293,948.0,948.0
1636717888.592,948.0,948.0
1636717888.895,949.0,948.0
1636717889.194,949.0,948.0
1636717889.493,948.0,948.0
1636717889.796,948.0,948.0
1636717890.095,948.0,948.0
1636717890.394,948.0,948.0
1636717890.697,948.0,948.0
1636717890.996,950.0,948.0
1636717891.295,948.0,948.0
1636717891.598,948.0,948.0
1636717891.897,948.0,948.0
1636717892.196,948.0,948.0
1636717892.495,948.0,948.0
1636717892.798,948.0,948.0
1636717893.097,948.0,948.0
1636717893.396,948.0,948.0
1636717893.699,948.0,948.0
1636717893.998,947.0,948.0
1636717894.297,948.0,947.0
1636717894.6,949.0,947.0
1636717894.899,949.0,948.0
1636717895.198,948.0,948.0
1636717895.501,948.0,948.0
1636717895.8,947.0,948.0
1636717896.099,948.0,948.0
1636717896.398,948.0,948.0
1636717896.701,949.0,948.0
1636717897.0,948.0,948.0
1636717897.299,949.0,948.0
1636717897.602,949.0,948.0
1636717897.901,948.0,948.0
1636717898.2,948.0,948.0
1636717898.503,948.0,948.0
1636717898.802,949.0,948.0
1636717899.102,948.0,948.0
1636717899.404,947.0,948.0
1636717899.704,949.0,948.0
1636717900.003,948.0,948.0
1636717900.302,948.0,948.0
1636717900.605,948.0,948.0
1636717900.904,949.0,948.0
1636717901.203,949.0,948.0
1636717901.506,948.0,948.0
1636717901.805,948.0,948.0
1636717902.104,947.0,948.0
1636717902.407,948.0,948.0
1636717902.706,949.0,948.0
1636717903.005,948.0,948.0
1636717903.308,948.0,948.0
1636717903.607,948.0,948.0
1636717903.906,948.0,948.0
1636717904.205,948.0,948.0
1636717904.508,949.0,948.0
1636717904.807,949.0,948.0
1636717905.106,949.0,948.0
1636717905.409,948.0,948.0
1636717905.708,949.0,948.0
1636717906.007,950.0,948.0
1636717906.31,948.0,948.0
1636717906.609,948.0,948.0
1636717906.908,949.0,948.0
1636717907.207,948.0,948.0
1636717907.51,948.0,948.0
1636717907.809,948.0,948.0
1636717908.108,948.0,948.0
1636717908.411,949.0,948.0
1636717908.71,949.0,948.0
1636717909.009,948.0,948.0
1636717909.312,948.0,948.0
1636717909.611,948.0,948.0
1636717909.91,949.0,948.0
1636717910.213,948.0,948.0
1636717910.512,949.0,948.0
1636717910.811,949.0,948.0
1636717911.11,948.0,948.0
1636717911.413,948.0,948.0
1636717911.713,948.0,948.0
1636717912.012,950.0,948.0
1636717912.314,948.0,948.0
1636717912.614,948.0,948.0
1636717912.913,949.0,948.0
1636717913.216,949.0,948.0
1636717913.515,948.0,948.0
1636717913.814,950.0,948.0
1636717914.117,948.0,948.0
1636717914.416,950.0,948.0
1636717914.715,949.0,948.0
1636717915.014,949.0,948.0
1636717915.317,949.0,948.0
1636717915.616,949.0,948.0
1636717915.915,948.0,949.0
1636717916.218,948.0,948.0
1636717916.517,949.0,948.0
1636717916.816,949.0,948.0
1636717917.119,948.0,948.0
1636717917.418,949.0,948.0
1636717917.717,949.0,948.0
1636717918.02,949.0,948.0
1636717918.319,949.0,948.0
1636717918.618,949.0,948.0
1636717918.917,948.0,948.0
1636717919.22,948.0,948.0
1636717919.519,949.0,948.0
1636717919.818,949.0,948.0
1636717920.121,948.0,948.0
1636717920.42,948.0,948.0
1636717920.719,949.0,948.0
1636717921.022,949.0,948.0
1636717921.321,948.0,948.0
1636717921.62,950.0,948.0
1636717921.923,949.0,948.0
1636717922.222,948.0,948.0
1636717922.521,950.0,948.0
1636717922.82,950.0,948.0
1636717923.123,948.0,948.0
1636717923.422,949.0,948.0
1636717923.722,949.0,949.0
1636717924.024,949.0,949.0
1636717924.323,948.0,949.0
1636717924.623,949.0,949.0
1636717924.925,948.0,948.0
1636717925.225,949.0,948.0
1636717925.524,949.0,948.0
1636717925.827,949.0,948.0
1636717926.126,949.0,948.0
1636717926.425,949.0,948.0
1636717926.724,948.0,948.0
1636717927.027,948.0,948.0
1636717927.326,949.0,948.0
1636717927.625,948.0,948.0
1636717927.928,948.0,948.0
1636717928.227,948.0,948.0
1636717928.526,948.0,948.0
1636717928.829,949.0,948.0
1636717929.128,949.0,948.0
1636717929.427,948.0,948.0
1636717929.726,950.0,948.0
1636717930.029,950.0,948.0
1636717930.328,949.0,948.0
1636717930.627,949.0,948.0
1636717930.93,949.0,948.0
1636717931.229,949.0,948.0
1636717931.528,948.0,949.0
1636717931.831,949.0,949.0
1636717932.13,949.0,949.0
1636717932.429,949.0,949.0
1636717932.732,948.0,949.0
1636717933.031,948.0,948.0
1636717933.33,948.0,948.0
1636717933.629,949.0,948.0
1636717933.932,949.0,948.0
1636717934.231,948.0,948.0
1636717934.53,949.0,948.0
1636717934.833,948.0,948.0
1636717935.132,948.0,948.0
1636717935.431,948.0,948.0
1636717935.734,949.0,948.0
1636717936.033,949.0,948.0
1636717936.332,951.0,948.0
1636717936.635,948.0,948.0
1636717936.934,949.0,948.0
1636717937.234,949.0,948.0
1636717937.532,948.0,948.0
1636717937.835,949.0,948.0
1636717938.135,948.0,948.0
1636717938.434,949.0,948.0
1636717938.737,948.0,948.0
1636717939.036,949.0,948.0
1636717939.335,949.0,948.0
1636717939.638,949.0,948.0
1636717939.937,948.0,948.0
1636717940.236,949.0,948.0
1636717940.539,950.0,948.0
1636717940.838,948.0,948.0
1636717941.137,949.0,948.0
1636717941.436,949.0,948.0
1636717941.739,949.0,948.0
1636717942.038,948.0,948.0
1636717942.337,948.0,948.0
1636717942.64,949.0,948.0
1636717942.939,949.0,948.0
1636717943.238,948.0,948.0
1636717943.541,948.0,948.0
1636717943.84,949.0,948.0
1636717944.139,949.0,948.0
1636717944.442,949.0,948.0
1636717944.741,949.0,948.0
1636717945.04,949.0,948.0
1636717945.339,949.0,948.0
1636717945.642,948.0,948.0
1636717945.941,949.0,948.0
1636717946.24,949.0,948.0
1636717946.543,949.0,948.0
1636717946.842,949.0,948.0
1636717947.141,949.0,948.0
1636717947.444,950.0,948.0
1636717947.743,949.0,949.0
1636717948.042,949.0,949.0
1636717948.345,949.0,949.0
1636717948.644,949.0,949.0
1636717948.943,949.0,949.0
1636717949.243,949.0,949.0
1636717949.545,949.0,949.0
1636717949.845,949.0,949.0
1636717950.144,949.0,949.0
1636717950.446,949.0,949.0
1636717950.746,948.0,949.0
1636717951.045,948.0,948.0
1636717951.348,949.0,948.0
1636717951.647,948.0,948.0
1636717951.946,949.0,948.0
1636717952.245,949.0,948.0
1636717952.548,949.0,948.0
1636717952.847,949.0,948.0
1636717953.146,948.0,948.0
1636717953.449,949.0,948.0
1636717953.748,949.0,948.0
1636717954.047,949.0,948.0
1636717954.35,950.0,948.0
1636717954.649,949.0,948.0
1636717954.948,949.0,949.0
1636717955.251,949.0,949.0
1636717955.55,948.0,949.0
1636717955.849,950.0,948.0
1636717956.148,948.0,949.0
1636717956.451,948.0,949.0
1636717956.75,949.0,948.0
1636717957.049,949.0,948.0
1636717957.352,949.0,948.0
1636717957.651,949.0,948.0
1636717957.95,949.0,948.0
1636717958.253,948.0,948.0
1636717958.552,948.0,948.0
1636717958.851,948.0,948.0
1636717959.154,949.0,948.0
1636717959.453,949.0,948.0
1636717959.752,949.0,948.0
1636717960.051,949.0,948.0
1636717960.354,949.0,948.0
1636717960.653,949.0,948.0
1636717960.952,948.0,948.0
1636717961.255,949.0,948.0
1636717961.554,949.0,948.0
1636717961.854,949.0,948.0
1636717962.156,949.0,948.0
1636717962.456,949.0,948.0
1636717962.755,949.0,948.0
1636717963.057,949.0,948.0
1636717963.357,950.0,948.0
1636717963.656,949.0,949.0
1636717963.955,949.0,949.0
1636717964.258,949.0,949.0
1636717964.557,949.0,949.0
1636717964.856,949.0,949.0
1636717965.159,949.0,949.0
1636717965.458,949.0,949.0
1636717965.757,951.0,949.0
1636717966.06,949.0,949.0
1636717966.359,949.0,949.0
1636717966.658,949.0,949.0
1636717966.957,949.0,949.0
1636717967.26,948.0,949.0
1636717967.559,949.0,949.0
1636717967.858,949.0,949.0
1636717968.161,948.0,949.0
1636717968.46,948.0,949.0
1636717968.759,949.0,948.0
1636717969.062,949.0,948.0
1636717969.361,949.0,948.0
1636717969.66,949.0,948.0
1636717969.963,950.0,948.0
1636717970.262,949.0,948.0
1636717970.561,949.0,948.0
1636717970.86,949.0,948.0
1636717971.163,949.0,948.0
1636717971.462,949.0,949.0
1636717971.761,948.0,949.0
1636717972.064,952.0,949.0
1636717972.363,950.0,949.0
1636717972.662,948.0,949.0
1636717972.965,949.0,949.0
1636717973.264,949.0,949.0
1636717973.563,949.0,949.0
1636717973.866,948.0,949.0
1636717974.165,949.0,949.0
1636717974.464,949.0,949.0
1636717974.764,949.0,949.0
1636717975.067,949.0,949.0
1636717975.366,948.0,948.0
1636717975.665,949.0,948.0
1636717975.968,949.0,948.0
1636717976.267,949.0,948.0
1636717976.566,949.0,948.0
1636717976.869,949.0,948.0
1636717977.168,949.0,948.0
1636717977.467,949.0,948.0
1636717977.77,949.0,948.0
1636717978.069,949.0,948.0
1636717978.368,949.0,948.0
1636717978.667,949.0,949.0
1636717978.97,949.0,949.0
1636717979.269,950.0,949.0
1636717979.568,949.0,949.0
1636717979.871,950.0,949.0
1636717980.17,949.0,949.0
1636717980.469,949.0,949.0
1636717980.772,948.0,949.0
1636717981.071,949.0,949.0
1636717981.37,949.0,949.0
1636717981.673,949.0,949.0
1636717981.972,949.0,949.0
1636717982.271,949.0,949.0
1636717982.57,950.0,949.0
1636717982.873,949.0,949.0
1636717983.172,949.0,949.0
1636717983.471,949.0,949.0
1636717983.774,949.0,949.0
1636717984.073,949.0,949.0
1636717984.372,950.0,949.0
1636717984.675,949.0,949.0
1636717984.974,949.0,949.0
1636717985.273,949.0,949.0
1636717985.572,948.0,949.0
1636717985.875,949.0,949.0
1636717986.174,949.0,949.0
1636717986.474,948.0,949.0
1636717986.776,950.0,948.0
1636717987.076,949.0,949.0
1636717987.375,949.0,949.0
1636717987.677,949.0,948.0
1636717987.977,949.0,948.0
1636717988.276,949.0,948.0
1636717988.578,949.0,948.0
1636717988.878,949.0,949.0
1636717989.177,949.0,949.0
1636717989.476,950.0,949.0
1636717989.779,949.0,949.0
1636717990.078,950.0,949.0
1636717990.377,949.0,949.0
1636717990.68,949.0,949.0
1636717990.979,949.0,949.0
1636717991.278,948.0,949.0
1636717991.581,949.0,949.0
1636717991.88,949.0,949.0
1636717992.179,949.0,949.0
1636717992.482,949.0,949.0
1636717992.781,949.0,949.0
1636717993.08,948.0,949.0
1636717993.379,949.0,948.0
1636717993.682,949.0,948.0
1636717993.981,949.0,948.0
1636717994.28,949.0,948.0
1636717994.583,949.0,948.0
1636717994.882,949.0,948.0
1636717995.181,949.0,948.0
1636717995.484,950.0,948.0
1636717995.783,949.0,949.0
1636717996.082,949.0,949.0
1636717996.385,949.0,949.0
1636717996.684,949.0,949.0
1636717996.983,949.0,949.0
1636717997.282,949.0,949.0
1636717997.585,949.0,949.0
1636717997.884,948.0,949.0
1636717998.183,950.0,949.0
1636717998.486,949.0,949.0
1636717998.785,948.0,949.0
1636717999.085,949.0,948.0
1636717999.387,949.0,948.0
1636717999.686,949.0,948.0
1636717999.985,949.0,948.0
1636718000.288,949.0,948.0
1636718000.588,949.0,948.0
1636718000.887,949.0,948.0
1636718001.186,950.0,949.0
1636718001.489,948.0,949.0
1636718001.788,951.0,948.0
1636718002.087,949.0,949.0
1636718002.39,949.0,949.0
1636718002.689,950.0,949.0
1636718002.988,949.0,949.0
1636718003.291,949.0,949.0
1636718003.59,950.0,949.0
1636718003.889,950.0,949.0
1636718004.188,950.0,949.0
1636718004.491,949.0,949.0
1636718004.79,949.0,949.0
1636718005.089,949.0,949.0
1636718005.392,949.0,949.0
1636718005.691,949.0,949.0
1636718005.99,949.0,949.0
1636718006.293,951.0,949.0
1636718006.592,949.0,949.0
1636718006.891,949.0,949.0
1636718007.194,949.0,949.0
1636718007.493,949.0,949.0
1636718007.792,950.0,949.0
1636718008.091,949.0,949.0
1636718008.394,950.0,949.0
1636718008.693,949.0,949.0
1636718008.992,949.0,949.0
1636718009.295,950.0,949.0
1636718009.594,949.0,949.0
1636718009.893,949.0,949.0
1636718010.196,949.0,949.0
1636718010.495,949.0,949.0
1636718010.794,950.0,949.0
1636718011.097,949.0,949.0
1636718011.396,949.0,949.0
1636718011.695,950.0,949.0
1636718011.994,949.0,949.0
1636718012.297,949.0,949.0
1636718012.596,949.0,949.0
1636718012.896,949.0,949.0
1636718013.198,949.0,949.0
1636718013.498,948.0,949.0
1636718013.797,949.0,949.0
1636718014.1,949.0,949.0
1636718014.399,949.0,949.0
1636718014.698,949.0,949.0
1636718015.001,949.0,948.0
1636718015.3,950.0,948.0
1636718015.599,949.0,949.0
1636718015.898,949.0,949.0
1636718016.201,949.0,949.0
1636718016.5,949.0,949.0
1636718016.799,949.0,949.0
1636718017.102,948.0,949.0
1636718017.401,949.0,949.0
1636718017.7,949.0,949.0
1636718018.003,949.0,949.0
1636718018.302,949.0,949.0
1636718018.601,948.0,948.0
1636718018.9,949.0,948.0
1636718019.203,949.0,948.0
1636718019.502,950.0,948.0
1636718019.801,950.0,948.0
1636718020.104,949.0,949.0
1636718020.403,949.0,949.0
1636718020.702,949.0,949.0
1636718021.005,949.0,949.0
1636718021.304,949.0,949.0
1636718021.603,949.0,949.0
1636718021.906,948.0,949.0
1636718022.205,949.0,949.0
1636718022.504,949.0,949.0
1636718022.803,949.0,949.0
1636718023.106,950.0,948.0
1636718023.405,949.0,949.0
1636718023.704,949.0,949.0
1636718024.007,949.0,949.0
1636718024.306,949.0,949.0
1636718024.605,949.0,949.0
1636718024.908,949.0,949.0
1636718025.207,949.0,949.0
1636718025.506,949.0,949.0
1636718025.809,949.0,949.0
1636718026.109,950.0,949.0
1636718026.408,949.0,949.0
1636718026.707,949.0,949.0
1636718027.01,950.0,949.0
1636718027.309,949.0,949.0
1636718027.608,949.0,949.0
1636718027.911,950.0,949.0
1636718028.21,950.0,949.0
1636718028.509,950.0,949.0
1636718028.812,948.0,949.0
1636718029.111,949.0,949.0
1636718029.41,950.0,949.0
1636718029.709,949.0,949.0
1636718030.012,949.0,949.0
1636718030.311,950.0,949.0
1636718030.61,949.0,949.0
1636718030.913,950.0,949.0
1636718031.212,949.0,949.0
1636718031.511,949.0,949.0
1636718031.814,949.0,949.0
1636718032.113,949.0,949.0
1636718032.412,949.0,949.0
1636718032.715,949.0,949.0
1636718033.014,950.0,949.0
1636718033.313,949.0,949.0
1636718033.612,949.0,949.0
1636718033.915,951.0,949.0
1636718034.214,949.0,949.0
1636718034.513,950.0,949.0
1636718034.816,950.0,949.0
1636718035.115,949.0,949.0
1636718035.414,949.0,949.0
1636718035.717,950.0,949.0
1636718036.016,949.0,949.0
1636718036.315,949.0,949.0
1636718036.618,949.0,949.0
1636718036.917,951.0,949.0
1636718037.216,949.0,949.0
1636718037.515,948.0,949.0
1636718037.818,949.0,949.0
1636718038.117,951.0,949.0
1636718038.417,951.0,949.0
1636718038.719,949.0,949.0
1636718039.019,949.0,949.0
1636718039.318,950.0,949.0
1636718039.621,949.0,949.0
1636718039.92,949.0,949.0
1636718040.219,950.0,949.0
1636718040.522,949.0,949.0
1636718040.821,949.0,949.0
1636718041.12,949.0,949.0
1636718041.419,952.0,949.0
1636718041.722,949.0,949.0
1636718042.021,950.0,949.0
1636718042.32,948.0,949.0
1636718042.623,949.0,949.0
1636718042.922,949.0,949.0
1636718043.221,949.0,949.0
1636718043.524,949.0,949.0
1636718043.823,949.0,949.0
1636718044.122,950.0,949.0
1636718044.421,951.0,949.0
1636718044.724,949.0,949.0
1636718045.023,950.0,949.0
1636718045.322,949.0,949.0
1636718045.625,949.0,949.0
1636718045.924,950.0,949.0
1636718046.223,949.0,949.0
1636718046.526,950.0,949.0
1636718046.825,949.0,949.0
1636718047.124,949.0,949.0
1636718047.427,949.0,949.0
1636718047.726,949.0,949.0
1636718048.025,950.0,949.0
1636718048.324,949.0,949.0
1636718048.627,950.0,949.0
1636718048.926,949.0,949.0
1636718049.225,949.0,949.0
1636718049.528,950.0,949.0
1636718049.827,949.0,949.0
1636718050.126,949.0,949.0
1636718050.429,948.0,949.0
1636718050.728,949.0,949.0
1636718051.028,949.0,949.0
1636718051.33,949.0,949.0
1636718051.63,949.0,949.0
1636718051.929,950.0,949.0
1636718052.228,949.0,949.0
1636718052.531,949.0,949.0
1636718052.83,949.0,949.0
1636718053.129,950.0,949.0
1636718053.432,949.0,949.0
1636718053.731,950.0,949.0
1636718054.03,948.0,949.0
1636718054.333,949.0,949.0
1636718054.632,949.0,949.0
1636718054.931,949.0,949.0
1636718055.234,949.0,949.0
1636718055.533,949.0,949.0
1636718055.832,949.0,949.0
1636718056.131,949.0,949.0
1636718056.434,950.0,949.0
1636718056.733,950.0,949.0
1636718057.032,950.0,949.0
1636718057.335,948.0,949.0
1636718057.634,950.0,949.0
1636718057.933,949.0,949.0
1636718058.236,949.0,949.0
1636718058.535,950.0,949.0
1636718058.834,949.0,949.0
1636718059.133,949.0,949.0
1636718059.436,950.0,949.0
1636718059.735,949.0,949.0
1636718060.034,948.0,949.0
1636718060.337,949.0,949.0
1636718060.636,950.0,949.0
1636718060.935,949.0,949.0
1636718061.238,949.0,949.0
1636718061.537,949.0,949.0
1636718061.836,949.0,949.0
1636718062.139,949.0,949.0
1636718062.438,949.0,949.0
1636718062.737,950.0,949.0
1636718063.037,949.0,949.0
1636718063.339,949.0,949.0
1636718063.639,949.0,949.0
1636718063.938,949.0,949.0
1636718064.24,949.0,949.0
1636718064.54,950.0,949.0
1636718064.839,949.0,949.0
1636718065.142,949.0,949.0
1636718065.441,949.0,949.0
1636718065.74,948.0,949.0
1636718066.043,949.0,949.0
1636718066.342,949.0,949.0
1636718066.641,949.0,949.0
1636718066.94,949.0,949.0
1636718067.243,949.0,949.0
1636718067.542,948.0,949.0
1636718067.841,949.0,948.0
1636718068.144,949.0,948.0
1636718068.443,949.0,948.0
1636718068.742,949.0,948.0
1636718069.045,949.0,948.0
1636718069.344,949.0,948.0
1636718069.643,949.0,948.0
1636718069.946,949.0,948.0
1636718070.245,949.0,948.0
1636718070.544,948.0,948.0
1636718070.843,949.0,948.0
1636718071.146,949.0,948.0
1636718071.445,949.0,948.0
1636718071.744,949.0,948.0
1636718072.047,948.0,948.0
1636718072.346,949.0,948.0
1636718072.645,949.0,948.0
1636718072.948,949.0,948.0
1636718073.247,950.0,948.0
1636718073.546,948.0,948.0
1636718073.845,949.0,948.0
1636718074.148,949.0,948.0
1636718074.447,948.0,948.0
1636718074.746,950.0,948.0
1636718075.049,948.0,948.0
1636718075.348,949.0,948.0
1636718075.647,950.0,948.0
1636718075.95,948.0,949.0
1636718076.249,949.0,948.0
1636718076.549,948.0,948.0
1636718076.851,948.0,948.0
1636718077.151,949.0,948.0
1636718077.45,949.0,948.0
1636718077.749,949.0,948.0
1636718078.052,949.0,948.0
1636718078.351,949.0,948.0
1636718078.65,949.0,948.0
1636718078.953,949.0,948.0
1636718079.252,951.0,948.0
1636718079.551,949.0,949.0
1636718079.854,950.0,949.0
1636718080.153,949.0,949.0
1636718080.452,949.0,949.0
1636718080.755,949.0,949.0
1636718081.054,949.0,949.0
1636718081.353,949.0,949.0
1636718081.652,949.0,949.0
1636718081.955,949.0,949.0
1636718082.254,950.0,949.0
1636718082.553,949.0,949.0
1636718082.856,950.0,949.0
1636718083.155,949.0,949.0
1636718083.454,949.0,949.0
1636718083.757,949.0,949.0
1636718084.056,949.0,949.0
1636718084.355,949.0,949.0
1636718084.658,950.0,949.0
1636718084.957,949.0,949.0
1636718085.256,949.0,949.0
1636718085.555,949.0,949.0
1636718085.858,949.0,949.0
1636718086.157,949.0,949.0
1636718086.456,949.0,949.0
1636718086.759,950.0,949.0
1636718087.058,949.0,949.0
1636718087.357,948.0,949.0
1636718087.66,949.0,949.0
1636718087.959,949.0,949.0
1636718088.258,949.0,949.0
1636718088.557,949.0,949.0
1636718088.86,948.0,949.0
1636718089.16,949.0,948.0
1636718089.459,949.0,948.0
1636718089.761,948.0,948.0
1636718090.061,950.0,948.0
1636718090.36,949.0,948.0
1636718090.663,949.0,948.0
1636718090.962,950.0,948.0
1636718091.261,949.0,949.0
1636718091.564,948.0,949.0
1636718091.863,950.0,948.0
1636718092.162,949.0,949.0
1636718092.461,949.0,949.0
1636718092.764,949.0,949.0
1636718093.063,949.0,949.0
1636718093.362,948.0,949.0
1636718093.665,949.0,949.0
1636718093.964,949.0,949.0
1636718094.263,948.0,948.0
1636718094.566,949.0,948.0
1636718094.865,949.0,948.0
1636718095.164,949.0,948.0
1636718095.467,949.0,948.0
1636718095.766,950.0,948.0
1636718096.065,949.0,948.0
1636718096.364,948.0,948.0
1636718096.667,949.0,948.0
1636718096.966,951.0,948.0
1636718097.265,948.0,949.0
1636718097.568,948.0,949.0
1636718097.867,949.0,949.0
1636718098.166,949.0,949.0
1636718098.469,950.0,949.0
1636718098.768,949.0,949.0
1636718099.067,949.0,949.0
1636718099.366,948.0,949.0
1636718099.669,948.0,949.0
1636718099.968,948.0,948.0
1636718100.267,949.0,948.0
1636718100.57,949.0,948.0
1636718100.869,949.0,948.0
1636718101.168,948.0,948.0
1636718101.471,949.0,948.0
1636718101.77,950.0,948.0
1636718102.07,950.0,948.0
1636718102.372,950.0,948.0
1636718102.672,949.0,949.0
1636718102.971,949.0,949.0
1636718103.27,949.0,949.0
1636718103.573,949.0,949.0
1636718103.872,948.0,949.0
1636718104.171,950.0,949.0
1636718104.474,949.0,949.0
1636718104.773,949.0,949.0
1636718105.072,949.0,949.0
1636718105.375,949.0,949.0
1636718105.674,949.0,949.0
1636718105.973,949.0,949.0
1636718106.276,949.0,949.0
1636718106.575,949.0,949.0
1636718106.874,949.0,949.0
1636718107.173,948.0,949.0
1636718107.476,949.0,948.0
1636718107.775,949.0,948.0
1636718108.074,948.0,948.0
1636718108.377,949.0,948.0
1636718108.676,949.0,948.0
1636718108.975,949.0,948.0
1636718109.278,950.0,948.0
1636718109.577,949.0,948.0
1636718109.876,949.0,948.0
1636718110.179,949.0,948.0
1636718110.478,948.0,949.0
1636718110.777,948.0,948.0
1636718111.076,949.0,948.0
1636718111.379,948.0,948.0
1636718111.678,948.0,948.0
1636718111.977,949.0,948.0
1636718112.28,949.0,948.0
1636718112.579,948.0,948.0
1636718112.878,948.0,948.0
1636718113.181,949.0,948.0
1636718113.48,949.0,948.0
1636718113.779,948.0,948.0
1636718114.079,949.0,948.0
1636718114.381,949.0,948.0
1636718114.681,948.0,948.0
1636718114.98,949.0,948.0
1636718115.282,948.0,948.0
1636718115.582,948.0,948.0
1636718115.881,948.0,948.0
1636718116.184,949.0,948.0
1636718116.483,949.0,948.0
1636718116.782,948.0,948.0
1636718117.085,948.0,948.0
1636718117.384,949.0,948.0
1636718117.683,948.0,948.0
1636718117.982,949.0,948.0
1636718118.285,948.0,948.0
1636718118.584,949.0,948.0
1636718118.883,949.0,948.0
1636718119.186,949.0,948.0
1636718119.485,949.0,948.0
1636718119.784,949.0,948.0
1636718120.087,949.0,948.0
1636718120.386,950.0,948.0
1636718120.685,949.0,948.0
1636718120.988,949.0,949.0
1636718121.287,949.0,949.0
1636718121.586,949.0,949.0
1636718121.885,950.0,949.0
1636718122.188,949.0,949.0
1636718122.487,948.0,949.0
1636718122.786,949.0,949.0
1636718123.089,949.0,949.0
1636718123.388,949.0,949.0
1636718123.687,949.0,949.0
1636718123.99,949.0,949.0
1636718124.289,948.0,949.0
1636718124.588,949.0,948.0
1636718124.891,950.0,948.0
1636718125.19,948.0,948.0
1636718125.489,949.0,948.0
1636718125.788,949.0,948.0
1636718126.091,948.0,948.0
1636718126.39,948.0,948.0
1636718126.69,949.0,948.0
1636718126.992,949.0,948.0
1636718127.291,949.0,948.0
1636718127.591,948.0,948.0
1636718127.893,949.0,948.0
1636718128.193,949.0,948.0
1636718128.492,949.0,948.0
1636718128.791,948.0,948.0
1636718129.094,949.0,948.0
1636718129.393,949.0,948.0
1636718129.692,949.0,948.0
1636718129.995,949.0,948.0
1636718130.294,948.0,948.0
1636718130.593,949.0,948.0
1636718130.896,949.0,948.0
1636718131.195,949.0,948.0
1636718131.494,949.0,948.0
1636718131.797,949.0,948.0
1636718132.096,949.0,948.0
1636718132.395,948.0,948.0
1636718132.694,948.0,948.0
1636718132.997,948.0,948.0
1636718133.296,949.0,948.0
1636718133.595,949.0,948.0
1636718133.898,949.0,948.0
1636718134.197,949.0,948.0
1636718134.496,949.0,948.0
1636718134.799,949.0,948.0
1636718135.098,948.0,948.0
1636718135.397,949.0,948.0
1636718135.7,949.0,948.0
1636718135.999,950.0,948.0
1636718136.298,949.0,949.0
1636718136.597,949.0,949.0
1636718136.9,949.0,949.0
1636718137.199,948.0,949.0
1636718137.498,950.0,948.0
1636718137.801,949.0,949.0
1636718138.1,949.0,949.0
1636718138.399,949.0,949.0
1636718138.702,948.0,949.0
1636718139.001,949.0,949.0
1636718139.3,949.0,948.0
1636718139.6,948.0,948.0
1636718139.902,950.0,948.0
1636718140.202,949.0,948.0
1636718140.501,948.0,949.0
1636718140.803,949.0,948.0
1636718141.103,948.0,948.0
1636718141.402,948.0,948.0
1636718141.705,950.0,948.0
1636718142.004,949.0,948.0
1636718142.303,949.0,948.0
1636718142.606,949.0,948.0
1636718142.905,948.0,948.0
1636718143.204,948.0,948.0
1636718143.503,949.0,948.0
1636718143.806,949.0,948.0
1636718144.105,948.0,948.0
1636718144.404,949.0,948.0
1636718144.707,949.0,948.0
1636718145.006,949.0,948.0
1636718145.305,949.0,948.0
1636718145.608,949.0,948.0
1636718145.907,949.0,948.0
1636718146.206,950.0,948.0
1636718146.509,949.0,949.0
1636718146.808,948.0,949.0
1636718147.107,949.0,948.0
1636718147.406,949.0,949.0
1636718147.709,949.0,949.0
1636718148.008,948.0,949.0
1636718148.307,949.0,948.0
1636718148.61,948.0,948.0
1636718148.909,950.0,948.0
1636718149.208,948.0,948.0
1636718149.511,949.0,948.0
1636718149.81,949.0,948.0
1636718150.109,949.0,948.0
1636718150.412,948.0,948.0
1636718150.711,949.0,948.0
1636718151.01,949.0,948.0
1636718151.309,949.0,948.0
1636718151.612,949.0,948.0
1636718151.911,952.0,948.0
1636718152.211,948.0,949.0
1636718152.513,949.0,949.0
1636718152.812,949.0,949.0
1636718153.112,950.0,949.0
1636718153.414,949.0,949.0
1636718153.714,948.0,949.0
1636718154.013,949.0,949.0
1636718154.312,948.0,949.0
1636718154.615,949.0,949.0
1636718154.914,949.0,949.0
1636718155.213,949.0,948.0
1636718155.516,950.0,948.0
1636718155.815,949.0,949.0
1636718156.114,949.0,949.0
1636718156.417,949.0,948.0
1636718156.716,949.0,948.0
1636718157.015,949.0,949.0
1636718157.318,949.0,949.0
1636718157.617,949.0,949.0
1636718157.916,950.0,949.0
1636718158.215,949.0,949.0
1636718158.518,949.0,949.0
1636718158.817,949.0,949.0
1636718159.116,949.0,949.0
1636718159.419,949.0,949.0
1636718159.718,948.0,949.0
1636718160.017,949.0,949.0
1636718160.32,949.0,949.0
1636718160.619,948.0,949.0
1636718160.918,949.0,948.0
1636718161.221,949.0,948.0
1636718161.52,948.0,948.0
1636718161.819,949.0,948.0
1636718162.118,949.0,948.0
1636718162.421,948.0,948.0
1636718162.72,949.0,948.0
1636718163.019,949.0,948.0
1636718163.322,949.0,948.0
1636718163.621,949.0,948.0
1636718163.92,949.0,948.0
1636718164.223,949.0,948.0
1636718164.522,948.0,948.0
1636718164.821,950.0,948.0
1636718165.121,949.0,948.0
1636718165.423,949.0,948.0
1636718165.723,949.0,949.0
1636718166.022,949.0,949.0
1636718166.324,949.0,949.0
1636718166.624,948.0,949.0
1636718166.923,949.0,948.0
1636718167.226,949.0,948.0
1636718167.525,949.0,948.0
1636718167.824,949.0,949.0
1636718168.127,949.0,948.0
1636718168.426,951.0,948.0
1636718168.725,949.0,949.0
1636718169.024,949.0,949.0
1636718169.327,948.0,949.0
1636718169.626,949.0,949.0
1636718169.925,949.0,949.0
1636718170.228,948.0,949.0
1636718170.527,949.0,949.0
1636718170.826,949.0,949.0
1636718171.129,949.0,949.0
1636718171.428,949.0,949.0
1636718171.727,948.0,948.0
1636718172.03,949.0,948.0
1636718172.329,949.0,948.0
1636718172.628,949.0,948.0
1636718172.927,949.0,948.0
1636718173.23,949.0,948.0
1636718173.529,950.0,948.0
1636718173.828,950.0,949.0
1636718174.131,949.0,949.0
1636718174.43,948.0,949.0
1636718174.729,949.0,949.0
1636718175.032,948.0,949.0
1636718175.331,949.0,949.0
1636718175.63,949.0,949.0
1636718175.933,948.0,949.0
1636718176.232,949.0,948.0
1636718176.531,949.0,948.0
1636718176.83,949.0,948.0
1636718177.133,948.0,948.0
1636718177.432,949.0,948.0
1636718177.731,948.0,948.0
1636718178.034,949.0,948.0
1636718178.333,948.0,948.0
1636718178.633,949.0,948.0
1636718178.935,948.0,948.0
1636718179.235,949.0,948.0
1636718179.534,948.0,948.0
1636718179.833,949.0,948.0
1636718180.136,948.0,948.0
1636718180.435,948.0,948.0
1636718180.734,948.0,948.0
1636718181.037,949.0,948.0
1636718181.336,949.0,948.0
1636718181.635,949.0,948.0
1636718181.938,949.0,948.0
1636718182.237,949.0,948.0
1636718182.536,950.0,948.0
1636718182.839,949.0,948.0
1636718183.138,948.0,948.0
1636718183.437,948.0,948.0
1636718183.736,950.0,948.0
1636718184.039,949.0,949.0
1636718184.338,951.0,949.0
1636718184.637,949.0,949.0
1636718184.94,949.0,949.0
1636718185.239,951.0,949.0
1636718185.538,949.0,949.0
1636718185.841,952.0,949.0
1636718186.14,950.0,949.0
1636718186.439,949.0,949.0
1636718186.742,949.0,949.0
1636718187.041,948.0,949.0
1636718187.34,949.0,949.0
1636718187.639,949.0,949.0
1636718187.942,950.0,949.0
1636718188.241,948.0,949.0
1636718188.54,948.0,949.0
1636718188.843,948.0,949.0
1636718189.142,948.0,948.0
1636718189.441,949.0,948.0
1636718189.744,949.0,948.0
1636718190.043,948.0,948.0
1636718190.342,949.0,948.0
1636718190.645,948.0,948.0
1636718190.944,949.0,948.0
1636718191.244,949.0,948.0
1636718191.543,948.0,948.0
1636718191.845,949.0,948.0
1636718192.145,950.0,948.0
1636718192.444,948.0,948.0
1636718192.747,949.0,948.0
1636718193.046,949.0,948.0
1636718193.345,950.0,948.0
1636718193.648,949.0,948.0
1636718193.947,949.0,949.0
1636718194.246,948.0,949.0
1636718194.545,949.0,948.0
1636718194.848,948.0,949.0
1636718195.147,948.0,948.0
1636718195.446,949.0,948.0
1636718195.749,948.0,948.0
1636718196.048,949.0,948.0
1636718196.347,949.0,948.0
1636718196.65,948.0,948.0
1636718196.949,949.0,948.0
1636718197.248,949.0,948.0
1636718197.551,948.0,948.0
1636718197.85,948.0,948.0
1636718198.149,948.0,948.0
1636718198.448,949.0,948.0
1636718198.751,948.0,948.0
1636718199.05,948.0,948.0
1636718199.349,949.0,948.0
1636718199.652,949.0,948.0
1636718199.951,949.0,948.0
1636718200.25,948.0,948.0
1636718200.553,948.0,948.0
1636718200.852,948.0,948.0
1636718201.151,949.0,948.0
1636718201.454,949.0,948.0
1636718201.753,950.0,948.0
1636718202.052,949.0,948.0
1636718202.352,949.0,948.0
1636718202.654,949.0,948.0
1636718202.954,948.0,948.0
1636718203.253,949.0,948.0
1636718203.555,949.0,948.0
1636718203.854,948.0,948.0
1636718204.154,949.0,948.0
1636718204.456,948.0,948.0
1636718204.756,948.0,948.0
1636718205.055,949.0,948.0
1636718205.354,949.0,948.0
1636718205.657,949.0,948.0
1636718205.956,948.0,948.0
1636718206.255,949.0,948.0
1636718206.558,951.0,948.0
1636718206.857,949.0,948.0
1636718207.156,949.0,948.0
1636718207.459,948.0,948.0
1636718207.758,948.0,948.0
1636718208.057,948.0,948.0
1636718208.36,949.0,948.0
1636718208.659,948.0,948.0
1636718208.958,948.0,948.0
1636718209.257,948.0,948.0
1636718209.56,949.0,948.0
1636718209.859,948.0,948.0
1636718210.158,949.0,948.0
1636718210.461,949.0,948.0
1636718210.76,949.0,948.0
1636718211.059,949.0,948.0
1636718211.362,949.0,948.0
1636718211.661,949.0,948.0
1636718211.96,948.0,948.0
1636718212.263,949.0,948.0
1636718212.562,948.0,948.0
1636718212.861,948.0,948.0
1636718213.16,949.0,948.0
1636718213.463,948.0,948.0
1636718213.762,949.0,948.0
1636718214.061,949.0,948.0
1636718214.364,949.0,948.0
1636718214.663,949.0,948.0
1636718214.962,949.0,948.0
1636718215.265,948.0,948.0
1636718215.564,948.0,948.0
1636718215.863,949.0,948.0
1636718216.166,949.0,948.0
1636718216.466,949.0,948.0
1636718216.765,948.0,948.0
1636718217.064,949.0,948.0
1636718217.367,950.0,948.0
1636718217.666,949.0,948.0
1636718217.965,949.0,948.0
1636718218.268,949.0,948.0
1636718218.567,949.0,948.0
1636718218.866,949.0,949.0
1636718219.169,949.0,949.0
1636718219.468,948.0,949.0
1636718219.767,949.0,948.0
1636718220.066,948.0,949.0
1636718220.369,948.0,948.0
1636718220.668,949.0,948.0
1636718220.967,948.0,948.0
1636718221.27,948.0,948.0
1636718221.569,949.0,948.0
1636718221.868,949.0,948.0
1636718222.171,949.0,948.0
1636718222.47,949.0,948.0
1636718222.769,950.0,948.0
1636718223.072,949.0,948.0
1636718223.371,948.0,948.0
1636718223.67,948.0,948.0
1636718223.969,948.0,948.0
1636718224.272,948.0,948.0
1636718224.571,948.0,948.0
1636718224.87,949.0,948.0
1636718225.173,948.0,948.0
1636718225.472,949.0,948.0
1636718225.771,948.0,948.0
1636718226.074,949.0,948.0
1636718226.373,949.0,948.0
1636718226.672,948.0,948.0
1636718226.975,948.0,948.0
1636718227.274,948.0,948.0
1636718227.573,949.0,948.0
1636718227.872,949.0,948.0
1636718228.175,949.0,948.0
1636718228.475,949.0,948.0
1636718228.774,948.0,948.0
1636718229.076,948.0,948.0
1636718229.376,949.0,948.0
1636718229.675,949.0,948.0
1636718229.978,949.0,948.0
1636718230.277,949.0,948.0
1636718230.576,949.0,948.0
1636718230.879,948.0,948.0
1636718231.178,948.0,948.0
1636718231.477,949.0,948.0
1636718231.776,948.0,948.0
1636718232.079,949.0,948.0
1636718232.378,949.0,948.0
1636718232.677,949.0,948.0
1636718232.98,949.0,948.0
1636718233.279,949.0,948.0
1636718233.578,948.0,948.0
1636718233.881,948.0,948.0
1636718234.18,949.0,948.0
1636718234.479,948.0,948.0
1636718234.778,948.0,948.0
1636718235.081,948.0,948.0
1636718235.38,949.0,948.0
1636718235.679,947.0,948.0
1636718235.982,948.0,948.0
1636718236.281,948.0,948.0
1636718236.58,948.0,948.0
1636718236.883,949.0,948.0
1636718237.182,948.0,948.0
1636718237.481,949.0,948.0
1636718237.784,948.0,948.0
1636718238.083,949.0,948.0
1636718238.382,949.0,948.0
1636718238.681,949.0,948.0
1636718238.984,948.0,948.0
1636718239.283,949.0,948.0
1636718239.582,949.0,948.0
1636718239.885,949.0,948.0
1636718240.184,948.0,948.0
1636718240.484,949.0,948.0
1636718240.786,949.0,948.0
1636718241.085,948.0,948.0
1636718241.385,948.0,948.0
1636718241.687,949.0,948.0
1636718241.987,948.0,948.0
1636718242.286,949.0,948.0
1636718242.585,949.0,948.0
1636718242.888,949.0,948.0
1636718243.187,949.0,948.0
1636718243.486,948.0,948.0
1636718243.789,949.0,948.0
1636718244.088,949.0,948.0
1636718244.387,950.0,948.0
1636718244.69,949.0,948.0
1636718244.989,949.0,948.0
1636718245.288,948.0,949.0
1636718245.587,948.0,948.0
1636718245.89,949.0,948.0
1636718246.189,950.0,948.0
1636718246.488,949.0,948.0
1636718246.791,948.0,949.0
1636718247.09,949.0,948.0
1636718247.389,949.0,948.0
1636718247.692,950.0,948.0
1636718247.991,950.0,948.0
1636718248.29,949.0,949.0
1636718248.593,948.0,949.0
1636718248.892,948.0,949.0
1636718249.191,948.0,949.0
1636718249.49,949.0,948.0
1636718249.793,950.0,948.0
1636718250.092,949.0,949.0
1636718250.391,949.0,949.0
1636718250.694,949.0,949.0
1636718250.993,949.0,948.0
1636718251.292,948.0,948.0
1636718251.595,949.0,948.0
1636718251.894,948.0,948.0
1636718252.193,949.0,948.0
1636718252.496,950.0,948.0
1636718252.795,948.0,949.0
1636718253.094,948.0,948.0
1636718253.394,949.0,948.0
1636718253.696,949.0,948.0
1636718253.996,949.0,948.0
1636718254.295,948.0,948.0
1636718254.597,948.0,948.0
1636718254.897,950.0,948.0
1636718255.196,948.0,948.0
1636718255.499,948.0,948.0
1636718255.798,948.0,948.0
1636718256.097,948.0,948.0
1636718256.4,949.0,948.0
1636718256.699,948.0,948.0
1636718256.998,949.0,948.0
1636718257.297,948.0,948.0
1636718257.6,949.0,948.0
1636718257.899,950.0,948.0
1636718258.198,949.0,948.0
1636718258.501,949.0,948.0
1636718258.8,949.0,948.0
1636718259.099,948.0,948.0
1636718259.402,948.0,948.0
1636718259.701,949.0,948.0
1636718260.0,949.0,948.0
1636718260.299,949.0,948.0
1636718260.602,949.0,948.0
1636718260.901,950.0,948.0
1636718261.2,949.0,948.0
1636718261.503,948.0,948.0
1636718261.802,948.0,948.0
1636718262.101,949.0,948.0
1636718262.404,949.0,948.0
1636718262.703,948.0,948.0
1636718263.002,948.0,948.0
1636718263.305,949.0,948.0
1636718263.604,948.0,948.0
1636718263.903,949.0,948.0
1636718264.202,948.0,948.0
1636718264.505,948.0,948.0
1636718264.804,948.0,948.0
1636718265.103,949.0,948.0
1636718265.406,949.0,948.0
1636718265.705,949.0,948.0
1636718266.005,948.0,948.0
1636718266.307,949.0,948.0
1636718266.606,948.0,948.0
1636718266.906,948.0,948.0
1636718267.209,948.0,948.0
1636718267.508,948.0,948.0
1636718267.807,949.0,948.0
1636718268.106,949.0,948.0
1636718268.409,948.0,948.0
1636718268.708,948.0,948.0
1636718269.007,948.0,948.0
1636718269.31,948.0,948.0
1636718269.609,948.0,948.0
1636718269.908,949.0,948.0
1636718270.211,949.0,948.0
1636718270.51,949.0,948.0
1636718270.809,949.0,948.0
1636718271.112,949.0,948.0
1636718271.411,949.0,948.0
1636718271.71,949.0,948.0
1636718272.009,949.0,948.0
1636718272.312,951.0,948.0
1636718272.611,948.0,949.0
1636718272.91,948.0,949.0
1636718273.213,948.0,949.0
1636718273.512,949.0,948.0
1636718273.811,949.0,948.0
1636718274.114,949.0,948.0
1636718274.413,948.0,948.0
1636718274.712,949.0,948.0
1636718275.011,948.0,948.0
1636718275.314,949.0,948.0
1636718275.613,948.0,948.0
1636718275.912,949.0,948.0
1636718276.215,950.0,948.0
1636718276.514,948.0,948.0
1636718276.813,949.0,948.0
1636718277.116,949.0,948.0
1636718277.415,949.0,948.0
1636718277.714,949.0,948.0
1636718278.017,949.0,948.0
1636718278.316,949.0,948.0
1636718278.615,949.0,948.0
1636718278.915,949.0,949.0
1636718279.217,948.0,949.0
1636718279.517,949.0,948.0
1636718279.816,949.0,948.0
1636718280.118,948.0,948.0
1636718280.418,949.0,948.0
1636718280.717,948.0,948.0
1636718281.02,949.0,948.0
1636718281.319,948.0,948.0
1636718281.618,948.0,948.0
1636718281.921,948.0,948.0
1636718282.22,948.0,948.0
1636718282.519,949.0,948.0
1636718282.818,948.0,948.0
1636718283.121,949.0,948.0
1636718283.42,949.0,948.0
1636718283.719,948.0,948.0
1636718284.022,948.0,948.0
1636718284.321,948.0,948.0
1636718284.62,949.0,948.0
1636718284.923,949.0,948.0
1636718285.222,949.0,948.0
1636718285.521,948.0,948.0
1636718285.82,949.0,948.0
1636718286.123,949.0,948.0
1636718286.422,949.0,948.0
1636718286.721,949.0,948.0
1636718287.024,949.0,948.0
1636718287.323,948.0,948.0
1636718287.622,948.0,948.0
1636718287.925,949.0,948.0
1636718288.224,949.0,948.0
1636718288.523,948.0,948.0
1636718288.826,948.0,948.0
1636718289.125,948.0,948.0
1636718289.424,949.0,948.0
1636718289.723,948.0,948.0
1636718290.026,948.0,948.0
1636718290.325,949.0,948.0
1636718290.624,949.0,948.0
1636718290.927,949.0,948.0
1636718291.226,948.0,948.0
1636718291.526,949.0,948.0
1636718291.828,949.0,948.0
1636718292.127,949.0,948.0
1636718292.427,949.0,948.0
1636718292.73,950.0,948.0
1636718293.029,949.0,948.0
1636718293.328,948.0,949.0
1636718293.627,948.0,948.0
1636718293.93,948.0,948.0
1636718294.229,947.0,948.0
1636718294.528,950.0,948.0
1636718294.831,949.0,948.0
1636718295.13,948.0,948.0
1636718295.429,948.0,948.0
1636718295.732,949.0,948.0
1636718296.031,949.0,948.0
1636718296.33,949.0,948.0
1636718296.633,949.0,948.0
1636718296.932,949.0,948.0
1636718297.231,948.0,948.0
1636718297.53,949.0,948.0
1636718297.833,949.0,948.0
1636718298.132,949.0,948.0
1636718298.431,949.0,948.0
1636718298.734,949.0,948.0
1636718299.033,948.0,948.0
1636718299.332,948.0,948.0
1636718299.635,948.0,948.0
1636718299.934,949.0,948.0
1636718300.233,948.0,948.0
1636718300.532,949.0,948.0
1636718300.835,949.0,948.0
1636718301.134,949.0,948.0
1636718301.433,948.0,948.0
1636718301.736,950.0,948.0
1636718302.035,950.0,948.0
1636718302.334,948.0,948.0
1636718302.637,949.0,948.0
1636718302.936,948.0,948.0
1636718303.235,949.0,948.0
1636718303.538,948.0,948.0
1636718303.837,949.0,948.0
1636718304.136,949.0,948.0
1636718304.436,949.0,948.0
1636718304.738,949.0,948.0
1636718305.038,949.0,948.0
1636718305.337,949.0,948.0
1636718305.639,948.0,948.0
1636718305.939,949.0,948.0
1636718306.238,948.0,948.0
1636718306.541,948.0,948.0
1636718306.84,949.0,948.0
1636718307.139,950.0,948.0
1636718307.442,949.0,948.0
1636718307.741,949.0,948.0
1636718308.04,948.0,948.0
1636718308.339,949.0,948.0
1636718308.642,949.0,948.0
1636718308.941,949.0,948.0
1636718309.24,949.0,948.0
1636718309.543,949.0,948.0
1636718309.842,948.0,949.0
1636718310.141,948.0,948.0
1636718310.444,949.0,948.0
1636718310.743,948.0,948.0
1636718311.042,948.0,948.0
1636718311.345,949.0,948.0
1636718311.644,949.0,948.0
1636718311.943,949.0,948.0
1636718312.242,948.0,948.0
1636718312.545,949.0,948.0
1636718312.844,949.0,948.0
1636718313.143,948.0,948.0
1636718313.446,949.0,948.0
1636718313.745,949.0,948.0
1636718314.044,948.0,948.0
1636718314.347,949.0,948.0
1636718314.646,949.0,948.0
1636718314.945,948.0,948.0
1636718315.244,948.0,948.0
1636718315.547,950.0,948.0
1636718315.846,948.0,948.0
1636718316.145,948.0,948.0
1636718316.448,948.0,948.0
1636718316.747,949.0,948.0
1636718317.047,948.0,948.0
1636718317.349,949.0,948.0
1636718317.648,948.0,948.0
1636718317.948,949.0,948.0
1636718318.25,949.0,948.0
1636718318.55,949.0,948.0
1636718318.849,951.0,948.0
1636718319.148,947.0,948.0
1636718319.451,949.0,948.0
1636718319.75,948.0,948.0
1636718320.049,949.0,948.0
1636718320.352,949.0,948.0
1636718320.651,948.0,948.0
1636718320.95,949.0,948.0
1636718321.253,950.0,948.0
1636718321.552,948.0,948.0
1636718321.851,948.0,948.0
1636718322.154,948.0,948.0
1636718322.453,948.0,948.0
1636718322.752,948.0,948.0
1636718323.051,948.0,948.0
1636718323.354,949.0,948.0
1636718323.653,949.0,948.0
1636718323.952,948.0,948.0
1636718324.255,951.0,948.0
1636718324.554,949.0,948.0
1636718324.853,948.0,948.0
1636718325.156,948.0,948.0
1636718325.455,949.0,948.0
1636718325.754,948.0,948.0
1636718326.057,949.0,948.0
1636718326.356,950.0,948.0
1636718326.655,949.0,948.0
1636718326.954,948.0,948.0
1636718327.257,949.0,948.0
1636718327.556,948.0,948.0
1636718327.855,948.0,948.0
1636718328.158,948.0,948.0
1636718328.457,948.0,948.0
1636718328.756,948.0,948.0
1636718329.059,948.0,948.0
1636718329.358,948.0,948.0
1636718329.657,949.0,948.0
1636718329.957,949.0,948.0
1636718330.259,949.0,948.0
1636718330.559,951.0,948.0
1636718330.858,949.0,948.0
1636718331.16,948.0,948.0
1636718331.46,948.0,948.0
1636718331.759,949.0,948.0
1636718332.062,949.0,948.0
1636718332.361,949.0,948.0
1636718332.66,949.0,949.0
1636718332.963,949.0,949.0
1636718333.262,949.0,949.0
1636718333.561,948.0,949.0
1636718333.86,948.0,948.0
1636718334.163,948.0,948.0
1636718334.462,949.0,948.0
1636718334.761,948.0,948.0
1636718335.064,949.0,948.0
1636718335.363,948.0,948.0
1636718335.662,948.0,948.0
1636718335.965,948.0,948.0
1636718336.264,948.0,948.0
1636718336.563,949.0,948.0
1636718336.866,948.0,948.0
1636718337.165,949.0,948.0
1636718337.464,948.0,948.0
1636718337.763,948.0,948.0
1636718338.066,949.0,948.0
1636718338.365,948.0,948.0
1636718338.664,949.0,948.0
1636718338.967,948.0,948.0
1636718339.266,948.0,948.0
1636718339.565,949.0,948.0
1636718339.868,950.0,948.0
1636718340.167,948.0,948.0
1636718340.466,949.0,948.0
1636718340.765,948.0,948.0
1636718341.068,949.0,948.0
1636718341.367,948.0,948.0
1636718341.666,949.0,948.0
1636718341.969,948.0,948.0
1636718342.268,948.0,948.0
1636718342.568,948.0,948.0
1636718342.87,948.0,948.0
1636718343.169,948.0,948.0
1636718343.469,948.0,948.0
1636718343.771,949.0,948.0
1636718344.071,948.0,948.0
1636718344.37,949.0,948.0
1636718344.669,948.0,948.0
1636718344.972,948.0,948.0
1636718345.271,948.0,948.0
1636718345.57,948.0,948.0
1636718345.873,948.0,948.0
1636718346.172,949.0,948.0
1636718346.471,949.0,948.0
1636718346.774,949.0,948.0
1636718347.073,948.0,948.0
1636718347.372,950.0,948.0
1636718347.675,949.0,948.0
1636718347.974,948.0,948.0
1636718348.273,950.0,948.0
1636718348.572,949.0,948.0
1636718348.875,948.0,948.0
1636718349.174,948.0,948.0
1636718349.473,948.0,948.0
1636718349.776,948.0,948.0
1636718350.075,948.0,948.0
1636718350.374,948.0,948.0
1636718350.677,949.0,948.0
1636718350.976,948.0,948.0
1636718351.275,948.0,948.0
1636718351.578,949.0,948.0
1636718351.877,949.0,948.0
1636718352.176,948.0,948.0
1636718352.475,949.0,948.0
1636718352.778,949.0,948.0
1636718353.077,948.0,948.0
1636718353.376,949.0,948.0
1636718353.679,949.0,948.0
1636718353.978,948.0,948.0
1636718354.277,949.0,948.0
1636718354.58,947.0,948.0
1636718354.879,948.0,948.0
1636718355.179,948.0,948.0
1636718355.478,949.0,948.0
1636718355.78,949.0,948.0
1636718356.08,948.0,948.0
1636718356.379,948.0,948.0
1636718356.681,948.0,948.0
1636718356.981,948.0,948.0
1636718357.28,948.0,948.0
1636718357.582,949.0,948.0
1636718357.881,949.0,948.0
1636718358.181,948.0,948.0
1636718358.484,948.0,948.0
1636718358.783,949.0,948.0
1636718359.082,950.0,948.0
1636718359.381,948.0,948.0
1636718359.684,949.0,948.0
1636718359.983,949.0,948.0
1636718360.282,949.0,948.0
1636718360.585,949.0,948.0
1636718360.884,949.0,948.0
1636718361.183,950.0,948.0
1636718361.486,948.0,949.0
1636718361.785,948.0,949.0
1636718362.084,949.0,948.0
1636718362.387,949.0,948.0
1636718362.686,949.0,948.0
1636718362.985,948.0,948.0
1636718363.284,948.0,948.0
1636718363.587,948.0,948.0
1636718363.886,950.0,948.0
1636718364.185,949.0,948.0
1636718364.488,947.0,948.0
1636718364.787,948.0,948.0
1636718365.086,948.0,948.0
1636718365.389,948.0,948.0
1636718365.688,949.0,948.0
1636718365.987,949.0,948.0
1636718366.29,949.0,948.0
1636718366.589,949.0,948.0
1636718366.888,948.0,948.0
1636718367.187,948.0,948.0
1636718367.49,948.0,948.0
1636718367.789,949.0,948.0
1636718368.089,949.0,948.0
1636718368.391,949.0,948.0
1636718368.69,948.0,948.0
1636718368.99,948.0,948.0
1636718369.293,948.0,948.0
1636718369.592,949.0,948.0
1636718369.891,949.0,948.0
1636718370.19,948.0,948.0
1636718370.493,948.0,948.0
1636718370.792,948.0,948.0
1636718371.091,948.0,948.0
1636718371.394,948.0,948.0
1636718371.693,948.0,948.0
1636718371.992,948.0,948.0
1636718372.295,948.0,948.0
1636718372.594,947.0,948.0
1636718372.893,948.0,948.0
1636718373.196,948.0,947.0
1636718373.495,948.0,947.0
1636718373.794,948.0,947.0
1636718374.093,949.0,947.0
1636718374.396,949.0,948.0
1636718374.695,948.0,948.0
1636718374.994,949.0,948.0
1636718375.297,948.0,948.0
1636718375.596,949.0,948.0
1636718375.895,948.0,948.0
1636718376.198,948.0,948.0
1636718376.497,948.0,948.0
1636718376.796,948.0,948.0
1636718377.099,948.0,948.0
1636718377.398,948.0,948.0
1636718377.697,948.0,948.0
1636718377.996,948.0,948.0
1636718378.299,948.0,948.0
1636718378.598,948.0,948.0
1636718378.897,948.0,948.0
1636718379.2,948.0,948.0
1636718379.499,948.0,948.0
1636718379.798,949.0,948.0
1636718380.101,948.0,948.0
1636718380.4,948.0,948.0
1636718380.699,948.0,948.0
1636718381.002,948.0,948.0
1636718381.302,947.0,948.0
1636718381.601,948.0,948.0
1636718381.9,948.0,948.0
1636718382.203,948.0,948.0
1636718382.502,948.0,948.0
1636718382.801,949.0,948.0
1636718383.104,948.0,948.0
1636718383.403,948.0,948.0
1636718383.702,948.0,948.0
1636718384.005,949.0,948.0
1636718384.304,948.0,948.0
1636718384.603,948.0,948.0
1636718384.902,949.0,948.0
1636718385.205,948.0,948.0
1636718385.504,949.0,948.0
1636718385.803,949.0,948.0
1636718386.106,948.0,948.0
1636718386.405,949.0,948.0
1636718386.704,948.0,948.0
1636718387.007,948.0,948.0
1636718387.306,948.0,948.0
1636718387.605,948.0,948.0
1636718387.908,948.0,948.0
1636718388.207,948.0,948.0
1636718388.506,950.0,948.0
1636718388.805,947.0,948.0
1636718389.108,949.0,948.0
1636718389.407,948.0,948.0
1636718389.706,948.0,948.0
1636718390.009,949.0,948.0
1636718390.308,948.0,948.0
1636718390.607,948.0,948.0
1636718390.91,948.0,948.0
1636718391.209,948.0,948.0
1636718391.508,947.0,948.0
1636718391.811,948.0,948.0
1636718392.11,948.0,948.0
1636718392.409,948.0,948.0
1636718392.709,949.0,948.0
1636718393.011,949.0,948.0
1636718393.311,949.0,948.0
1636718393.61,948.0,948.0
1636718393.912,949.0,948.0
1636718394.212,949.0,948.0
1636718394.511,951.0,948.0
1636718394.814,949.0,948.0
1636718395.113,949.0,948.0
1636718395.412,949.0,949.0
1636718395.711,948.0,949.0
1636718396.014,949.0,949.0
1636718396.313,949.0,949.0
1636718396.612,948.0,949.0
1636718396.915,949.0,949.0
1636718397.214,949.0,949.0
1636718397.513,949.0,949.0
1636718397.816,951.0,948.0
1636718398.115,949.0,949.0
1636718398.414,948.0,949.0
1636718398.717,948.0,948.0
1636718399.016,947.0,948.0
1636718399.315,948.0,948.0
1636718399.614,948.0,948.0
1636718399.917,948.0,948.0
1636718400.216,948.0,948.0
1636718400.515,947.0,948.0
1636718400.818,950.0,948.0
1636718401.117,948.0,948.0
1636718401.416,949.0,948.0
1636718401.719,948.0,948.0
1636718402.018,948.0,948.0
1636718402.317,948.0,948.0
1636718402.62,949.0,948.0
1636718402.919,948.0,948.0
1636718403.218,948.0,948.0
1636718403.517,948.0,948.0
1636718403.82,948.0,948.0
1636718404.119,949.0,948.0
1636718404.418,948.0,948.0
1636718404.721,949.0,948.0
1636718405.02,949.0,948.0
1636718405.32,949.0,948.0
1636718405.622,949.0,948.0
1636718405.921,949.0,948.0
1636718406.221,948.0,948.0
1636718406.523,948.0,948.0
1636718406.823,948.0,948.0
1636718407.122,949.0,948.0
1636718407.421,949.0,948.0
1636718407.724,948.0,948.0
1636718408.023,949.0,948.0
1636718408.322,949.0,948.0
1636718408.625,949.0,948.0
1636718408.924,949.0,948.0
1636718409.223,949.0,948.0
1636718409.526,948.0,948.0
1636718409.825,948.0,948.0
1636718410.124,948.0,948.0
1636718410.423,949.0,948.0
1636718410.726,948.0,948.0
1636718411.025,948.0,948.0
1636718411.324,948.0,948.0
1636718411.627,948.0,948.0
1636718411.926,948.0,948.0
1636718412.225,948.0,948.0
1636718412.528,949.0,948.0
1636718412.827,948.0,948.0
1636718413.126,949.0,948.0
1636718413.429,948.0,948.0
1636718413.728,948.0,948.0
1636718414.027,948.0,948.0
1636718414.326,948.0,948.0
1636718414.629,948.0,948.0
1636718414.928,948.0,948.0
1636718415.227,948.0,948.0
1636718415.53,949.0,948.0
1636718415.829,949.0,948.0
1636718416.128,948.0,948.0
1636718416.431,949.0,948.0
1636718416.73,949.0,948.0
1636718417.029,949.0,948.0
1636718417.332,948.0,948.0
1636718417.631,948.0,948.0
1636718417.93,949.0,948.0
1636718418.23,947.0,948.0
1636718418.532,949.0,948.0
1636718418.832,948.0,948.0
1636718419.131,948.0,948.0
1636718419.433,948.0,948.0
1636718419.733,948.0,948.0
1636718420.032,949.0,948.0
1636718420.335,949.0,948.0
1636718420.634,948.0,948.0
1636718420.933,949.0,948.0
1636718421.236,948.0,948.0
1636718421.535,948.0,948.0
1636718421.834,948.0,948.0
1636718422.133,949.0,948.0
1636718422.436,949.0,948.0
1636718422.735,948.0,948.0
1636718423.034,948.0,948.0
1636718423.337,947.0,948.0
1636718423.636,948.0,948.0
1636718423.935,948.0,948.0
1636718424.238,949.0,948.0
1636718424.537,949.0,948.0
1636718424.836,950.0,948.0
1636718425.135,948.0,948.0
1636718425.438,948.0,948.0
1636718425.737,949.0,948.0
1636718426.036,949.0,948.0
1636718426.339,948.0,948.0
1636718426.638,948.0,948.0
1636718426.937,948.0,948.0
1636718427.24,948.0,948.0
1636718427.539,949.0,948.0
1636718427.838,948.0,948.0
1636718428.141,949.0,948.0
1636718428.44,951.0,948.0
1636718428.739,949.0,948.0
1636718429.038,948.0,948.0
1636718429.341,948.0,948.0
1636718429.64,949.0,948.0
1636718429.939,950.0,948.0
1636718430.242,949.0,948.0
1636718430.541,949.0,949.0
1636718430.841,948.0,949.0
1636718431.143,948.0,949.0
1636718431.442,948.0,948.0
1636718431.742,947.0,948.0
1636718432.044,948.0,948.0
1636718432.344,948.0,948.0
1636718432.643,949.0,948.0
1636718432.942,948.0,948.0
1636718433.245,948.0,948.0
1636718433.544,948.0,948.0
1636718433.843,949.0,948.0
1636718434.146,947.0,948.0
1636718434.445,948.0,948.0
1636718434.744,948.0,948.0
1636718435.047,949.0,948.0
1636718435.346,948.0,948.0
1636718435.645,947.0,948.0
1636718435.948,948.0,948.0
1636718436.247,948.0,948.0
1636718436.546,949.0,948.0
1636718436.845,948.0,948.0
1636718437.148,948.0,948.0
1636718437.447,948.0,948.0
1636718437.746,949.0,948.0
1636718438.049,948.0,948.0
1636718438.348,948.0,948.0
1636718438.647,948.0,948.0
1636718438.95,948.0,948.0
1636718439.249,949.0,948.0
1636718439.548,949.0,948.0
1636718439.847,948.0,948.0
1636718440.15,948.0,948.0
1636718440.449,948.0,948.0
1636718440.748,949.0,948.0
1636718441.051,949.0,948.0
1636718441.35,948.0,948.0
1636718441.649,949.0,948.0
1636718441.952,948.0,948.0
1636718442.251,949.0,948.0
1636718442.55,949.0,948.0
1636718442.853,949.0,948.0
1636718443.152,949.0,948.0
1636718443.451,948.0,948.0
1636718443.751,950.0,948.0
1636718444.053,948.0,948.0
1636718444.353,948.0,948.0
1636718444.652,948.0,948.0
1636718444.954,948.0,948.0
1636718445.254,948.0,948.0
1636718445.553,948.0,948.0
1636718445.856,949.0,948.0
1636718446.155,949.0,948.0
1636718446.454,949.0,948.0
1636718446.757,948.0,948.0
1636718447.056,948.0,948.0
1636718447.355,948.0,948.0
1636718447.654,949.0,948.0
1636718447.957,948.0,948.0
1636718448.256,948.0,948.0
1636718448.555,948.0,948.0
1636718448.858,948.0,948.0
1636718449.157,948.0,948.0
1636718449.456,949.0,948.0
1636718449.759,949.0,948.0
1636718450.058,948.0,948.0
1636718450.357,948.0,948.0
1636718450.66,949.0,948.0
1636718450.959,948.0,948.0
1636718451.258,949.0,948.0
1636718451.557,948.0,948.0
1636718451.86,949.0,948.0
1636718452.159,948.0,948.0
1636718452.458,948.0,948.0
1636718452.761,948.0,948.0
1636718453.06,949.0,948.0
1636718453.359,949.0,948.0
1636718453.662,949.0,948.0
1636718453.961,950.0,948.0
1636718454.26,948.0,948.0
1636718454.559,948.0,948.0
1636718454.862,948.0,948.0
1636718455.161,948.0,948.0
1636718455.46,949.0,948.0
1636718455.763,948.0,948.0
1636718456.062,948.0,948.0
1636718456.362,948.0,948.0
1636718456.664,949.0,948.0
1636718456.963,949.0,948.0
1636718457.263,948.0,948.0
1636718457.565,949.0,948.0
1636718457.865,948.0,948.0
1636718458.164,948.0,948.0
1636718458.463,948.0,948.0
1636718458.766,948.0,948.0
1636718459.065,948.0,948.0
1636718459.364,948.0,948.0
1636718459.667,948.0,948.0
1636718459.966,948.0,948.0
1636718460.265,948.0,948.0
1636718460.568,948.0,948.0
1636718460.867,948.0,948.0
1636718461.166,949.0,948.0
1636718461.469,948.0,948.0
1636718461.768,948.0,948.0
1636718462.067,947.0,948.0
1636718462.366,948.0,948.0
1636718462.669,948.0,948.0
1636718462.968,950.0,948.0
1636718463.267,948.0,948.0
1636718463.57,948.0,948.0
1636718463.869,948.0,948.0
1636718464.168,948.0,948.0
1636718464.471,949.0,948.0
1636718464.77,948.0,948.0
1636718465.069,949.0,948.0
1636718465.372,949.0,948.0
1636718465.671,949.0,948.0
1636718465.97,949.0,948.0
1636718466.269,948.0,948.0
1636718466.572,948.0,948.0
1636718466.871,949.0,948.0
1636718467.17,948.0,948.0
1636718467.473,948.0,948.0
1636718467.772,948.0,948.0
1636718468.071,950.0,948.0
1636718468.374,948.0,948.0
1636718468.673,948.0,948.0
1636718468.972,947.0,948.0
1636718469.272,949.0,948.0
1636718469.574,948.0,948.0
1636718469.874,948.0,948.0
1636718470.173,949.0,948.0
1636718470.475,949.0,948.0
1636718470.775,948.0,948.0
1636718471.074,948.0,948.0
1636718471.377,948.0,948.0
1636718471.676,948.0,948.0
1636718471.975,948.0,948.0
1636718472.278,948.0,948.0
1636718472.577,949.0,948.0
1636718472.876,948.0,948.0
1636718473.175,948.0,948.0
1636718473.478,948.0,948.0
1636718473.777,948.0,948.0
1636718474.076,948.0,948.0
1636718474.379,948.0,948.0
1636718474.678,948.0,948.0
1636718474.977,948.0,948.0
1636718475.28,948.0,948.0
1636718475.579,948.0,948.0
1636718475.878,948.0,948.0
1636718476.181,948.0,948.0
1636718476.48,950.0,948.0
1636718476.779,948.0,948.0
1636718477.078,950.0,948.0
1636718477.381,948.0,948.0
1636718477.68,948.0,948.0
1636718477.979,947.0,948.0
1636718478.282,948.0,948.0
1636718478.581,948.0,948.0
1636718478.88,949.0,948.0
1636718479.183,948.0,948.0
1636718479.482,949.0,948.0
1636718479.781,949.0,948.0
1636718480.084,948.0,948.0
1636718480.383,948.0,948.0
1636718480.682,949.0,948.0
1636718480.981,948.0,948.0
1636718481.284,949.0,948.0
1636718481.583,949.0,948.0
1636718481.883,948.0,948.0
1636718482.185,950.0,948.0
1636718482.484,949.0,948.0
1636718482.784,948.0,948.0
1636718483.086,948.0,948.0
1636718483.386,948.0,948.0
1636718483.685,948.0,948.0
1636718483.984,948.0,948.0
1636718484.287,948.0,948.0
1636718484.586,948.0,948.0
1636718484.885,949.0,948.0
1636718485.188,948.0,948.0
1636718485.487,948.0,948.0
1636718485.786,951.0,948.0
1636718486.089,947.0,948.0
1636718486.388,948.0,948.0
1636718486.687,948.0,948.0
1636718486.99,948.0,948.0
1636718487.289,949.0,948.0
1636718487.588,948.0,948.0
1636718487.887,948.0,948.0
1636718488.19,949.0,948.0
1636718488.489,949.0,948.0
1636718488.788,947.0,948.0
1636718489.091,948.0,948.0
1636718489.39,948.0,948.0
1636718489.689,948.0,948.0
1636718489.992,948.0,948.0
1636718490.291,949.0,948.0
1636718490.59,948.0,948.0
1636718490.893,948.0,948.0
1636718491.192,949.0,948.0
1636718491.491,948.0,948.0
1636718491.79,949.0,948.0
1636718492.093,949.0,948.0
1636718492.392,948.0,948.0
1636718492.691,948.0,948.0
1636718492.994,948.0,948.0
1636718493.293,949.0,948.0
1636718493.592,948.0,948.0
1636718493.895,948.0,948.0
1636718494.194,948.0,948.0
1636718494.493,948.0,948.0
1636718494.793,948.0,948.0
1636718495.095,949.0,948.0
1636718495.395,948.0,948.0
1636718495.694,947.0,948.0
1636718495.996,948.0,948.0
1636718496.296,948.0,948.0
1636718496.595,947.0,948.0
1636718496.898,948.0,947.0
1636718497.197,948.0,947.0
1636718497.496,949.0,947.0
1636718497.799,948.0,948.0
1636718498.098,948.0,948.0
1636718498.397,948.0,947.0
1636718498.696,948.0,947.0
1636718498.999,948.0,948.0
1636718499.298,949.0,948.0
1636718499.597,948.0,948.0
1636718499.9,948.0,948.0
1636718500.199,949.0,948.0
1636718500.498,948.0,948.0
1636718500.801,949.0,948.0
1636718501.1,949.0,948.0
1636718501.399,949.0,948.0
1636718501.702,948.0,948.0
1636718502.001,948.0,948.0
1636718502.3,948.0,948.0
1636718502.599,950.0,948.0
1636718502.902,950.0,948.0
1636718503.201,948.0,948.0
1636718503.5,949.0,948.0
1636718503.803,949.0,948.0
1636718504.102,948.0,948.0
1636718504.401,948.0,948.0
1636718504.704,949.0,948.0
1636718505.003,948.0,948.0
1636718505.302,948.0,948.0
1636718505.605,947.0,948.0
1636718505.904,949.0,948.0
1636718506.203,948.0,948.0
1636718506.502,948.0,948.0
1636718506.805,948.0,948.0
1636718507.104,948.0,948.0
1636718507.404,950.0,948.0
1636718507.706,949.0,948.0
1636718508.005,948.0,948.0
1636718508.305,948.0,948.0
1636718508.607,948.0,948.0
1636718508.907,948.0,948.0
1636718509.206,948.0,948.0
1636718509.505,948.0,948.0
1636718509.808,948.0,948.0
1636718510.107,949.0,948.0
1636718510.406,950.0,948.0
1636718510.709,949.0,948.0
1636718511.008,948.0,948.0
1636718511.307,948.0,948.0
1636718511.61,948.0,948.0
1636718511.909,947.0,948.0
1636718512.208,948.0,948.0
1636718512.511,948.0,948.0
1636718512.81,948.0,948.0
1636718513.109,948.0,948.0
1636718513.408,947.0,948.0
1636718513.711,949.0,947.0
1636718514.01,948.0,947.0
1636718514.309,948.0,947.0
1636718514.612,948.0,947.0
1636718514.911,948.0,947.0
1636718515.21,948.0,948.0
1636718515.513,949.0,948.0
1636718515.812,950.0,948.0
1636718516.111,948.0,948.0
1636718516.414,948.0,948.0
1636718516.713,948.0,948.0
1636718517.012,948.0,948.0
1636718517.311,948.0,948.0
1636718517.614,949.0,948.0
1636718517.913,948.0,948.0
1636718518.212,948.0,948.0
1636718518.515,951.0,948.0
1636718518.814,948.0,948.0
1636718519.113,948.0,948.0
1636718519.416,948.0,948.0
1636718519.715,948.0,948.0
1636718520.014,948.0,948.0
1636718520.317,948.0,948.0
1636718520.616,948.0,948.0
1636718520.916,948.0,948.0
1636718521.215,948.0,948.0
1636718521.517,949.0,948.0
1636718521.817,948.0,948.0
1636718522.116,949.0,948.0
1636718522.419,948.0,948.0
1636718522.718,948.0,948.0
1636718523.017,948.0,948.0
1636718523.32,948.0,948.0
1636718523.619,947.0,948.0
1636718523.918,948.0,948.0
1636718524.217,948.0,948.0
1636718524.52,948.0,948.0
1636718524.819,948.0,948.0
1636718525.118,948.0,948.0
1636718525.421,947.0,947.0
1636718525.72,949.0,947.0
1636718526.019,948.0,947.0
1636718526.322,948.0,947.0
1636718526.621,948.0,947.0
1636718526.92,948.0,948.0
1636718527.223,948.0,948.0
1636718527.522,948.0,948.0
1636718527.821,948.0,948.0
1636718528.12,949.0,948.0
1636718528.423,948.0,948.0
1636718528.722,948.0,948.0
1636718529.021,949.0,948.0
1636718529.324,948.0,948.0
1636718529.623,948.0,948.0
1636718529.922,948.0,948.0
1636718530.225,948.0,948.0
1636718530.524,949.0,948.0
1636718530.823,948.0,948.0
1636718531.126,948.0,948.0
1636718531.425,948.0,948.0
1636718531.724,948.0,948.0
1636718532.023,948.0,948.0
1636718532.326,948.0,948.0
1636718532.625,948.0,948.0
1636718532.925,948.0,948.0
1636718533.227,948.0,948.0
1636718533.526,948.0,948.0
1636718533.826,948.0,948.0
1636718534.129,948.0,948.0
1636718534.428,948.0,948.0
1636718534.727,948.0,948.0
1636718535.03,949.0,948.0
1636718535.329,948.0,948.0
1636718535.628,948.0,948.0
1636718535.927,948.0,948.0
1636718536.23,947.0,948.0
1636718536.529,948.0,948.0
1636718536.828,948.0,948.0
1636718537.131,948.0,948.0
1636718537.43,948.0,948.0
1636718537.729,951.0,948.0
1636718538.032,947.0,948.0
1636718538.331,947.0,948.0
1636718538.63,948.0,948.0
1636718538.929,948.0,948.0
1636718539.232,948.0,948.0
1636718539.531,949.0,948.0
1636718539.83,948.0,948.0
1636718540.133,949.0,948.0
1636718540.432,948.0,948.0
1636718540.731,950.0,948.0
1636718541.034,947.0,948.0
1636718541.333,949.0,948.0
1636718541.632,949.0,948.0
1636718541.935,948.0,948.0
1636718542.234,950.0,948.0
1636718542.533,948.0,948.0
1636718542.832,948.0,948.0
1636718543.135,949.0,948.0
1636718543.434,950.0,948.0
1636718543.733,949.0,948.0
1636718544.036,948.0,948.0
1636718544.335,949.0,948.0
1636718544.635,948.0,948.0
1636718544.937,949.0,948.0
1636718545.236,948.0,948.0
1636718545.535,948.0,948.0
1636718545.838,948.0,948.0
1636718546.137,948.0,948.0
1636718546.437,948.0,948.0
1636718546.736,948.0,948.0
1636718547.039,948.0,948.0
1636718547.338,948.0,948.0
1636718547.637,947.0,948.0
1636718547.94,948.0,948.0
1636718548.239,950.0,947.0
1636718548.538,948.0,948.0
1636718548.841,948.0,948.0
1636718549.14,947.0,948.0
1636718549.439,948.0,948.0
1636718549.742,948.0,948.0
1636718550.041,948.0,948.0
1636718550.34,948.0,948.0
1636718550.639,949.0,948.0
1636718550.942,947.0,948.0
1636718551.241,948.0,948.0
1636718551.54,948.0,947.0
1636718551.843,949.0,947.0
1636718552.142,948.0,948.0
1636718552.441,949.0,948.0
1636718552.744,949.0,948.0
1636718553.043,949.0,948.0
1636718553.342,949.0,948.0
1636718553.641,948.0,948.0
1636718553.944,948.0,948.0
1636718554.243,949.0,948.0
1636718554.542,949.0,948.0
1636718554.845,950.0,948.0
1636718555.144,949.0,948.0
1636718555.443,948.0,948.0
1636718555.746,948.0,948.0
1636718556.045,948.0,948.0
1636718556.344,949.0,948.0
1636718556.647,949.0,948.0
1636718556.946,948.0,948.0
1636718557.245,948.0,948.0
1636718557.544,949.0,948.0
1636718557.847,948.0,948.0
1636718558.146,948.0,948.0
1636718558.446,948.0,948.0
1636718558.748,948.0,948.0
1636718559.047,948.0,948.0
1636718559.347,949.0,948.0
1636718559.649,947.0,948.0
1636718559.949,949.0,948.0
1636718560.248,948.0,948.0
1636718560.551,948.0,948.0
1636718560.85,949.0,948.0
1636718561.149,949.0,948.0
1636718561.448,948.0,948.0
1636718561.751,948.0,948.0
1636718562.05,949.0,948.0
1636718562.349,948.0,948.0
1636718562.652,948.0,948.0
1636718562.951,948.0,948.0
1636718563.25,948.0,948.0
1636718563.553,948.0,948.0
1636718563.852,948.0,948.0
1636718564.151,948.0,948.0
1636718564.454,948.0,948.0
1636718564.753,949.0,948.0
1636718565.052,948.0,948.0
1636718565.351,948.0,948.0
1636718565.654,947.0,948.0
1636718565.953,948.0,948.0
1636718566.252,948.0,948.0
1636718566.555,947.0,948.0
1636718566.854,948.0,947.0
1636718567.153,948.0,947.0
1636718567.456,949.0,947.0
1636718567.755,949.0,948.0
1636718568.054,948.0,948.0
1636718568.353,948.0,948.0
1636718568.656,947.0,948.0
1636718568.955,948.0,948.0
1636718569.254,948.0,948.0
1636718569.557,948.0,948.0
1636718569.856,948.0,948.0
1636718570.155,948.0,948.0
1636718570.458,948.0,948.0
1636718570.757,948.0,948.0
1636718571.056,948.0,947.0
1636718571.359,947.0,947.0
1636718571.658,948.0,947.0
1636718571.958,947.0,947.0
1636718572.257,948.0,947.0
1636718572.56,948.0,947.0
1636718572.859,949.0,947.0
1636718573.158,948.0,947.0
1636718573.461,948.0,947.0
1636718573.76,947.0,947.0
1636718574.059,947.0,947.0
1636718574.362,947.0,947.0
1636718574.661,948.0,947.0
1636718574.96,947.0,947.0
1636718575.263,948.0,947.0
1636718575.562,948.0,947.0
1636718575.861,947.0,947.0
1636718576.16,948.0,947.0
1636718576.463,948.0,947.0
1636718576.762,949.0,947.0
1636718577.061,949.0,947.0
1636718577.364,948.0,947.0
1636718577.663,948.0,948.0
1636718577.962,948.0,948.0
1636718578.265,948.0,948.0
1636718578.564,949.0,948.0
1636718578.863,948.0,948.0
1636718579.166,950.0,948.0
1636718579.465,949.0,948.0
1636718579.764,948.0,948.0
1636718580.063,948.0,948.0
1636718580.366,948.0,948.0
1636718580.665,948.0,948.0
1636718580.964,948.0,948.0
1636718581.267,948.0,948.0
1636718581.566,947.0,948.0
1636718581.865,948.0,948.0
1636718582.168,948.0,948.0
1636718582.467,948.0,948.0
1636718582.766,947.0,947.0
1636718583.065,948.0,947.0
1636718583.368,948.0,947.0
1636718583.667,948.0,947.0
1636718583.967,948.0,947.0
1636718584.269,948.0,947.0
1636718584.569,948.0,947.0
1636718584.868,948.0,947.0
1636718585.171,948.0,947.0
1636718585.47,948.0,947.0
1636718585.769,947.0,947.0
1636718586.072,947.0,947.0
1636718586.371,947.0,947.0
1636718586.67,947.0,947.0
1636718586.969,948.0,947.0
1636718587.272,948.0,947.0
1636718587.571,948.0,947.0
1636718587.87,948.0,947.0
1636718588.173,948.0,947.0
1636718588.472,948.0,947.0
1636718588.771,948.0,947.0
1636718589.074,949.0,947.0
1636718589.373,949.0,947.0
1636718589.672,947.0,948.0
1636718589.975,948.0,948.0
1636718590.274,948.0,948.0
1636718590.573,949.0,948.0
1636718590.872,948.0,948.0
1636718591.175,948.0,948.0
1636718591.474,948.0,948.0
1636718591.773,948.0,948.0
1636718592.076,948.0,948.0
1636718592.375,948.0,948.0
1636718592.674,948.0,948.0
1636718592.977,948.0,948.0
1636718593.276,948.0,948.0
1636718593.575,948.0,948.0
1636718593.878,948.0,948.0
1636718594.177,949.0,948.0
1636718594.476,948.0,948.0
1636718594.775,948.0,948.0
1636718595.078,947.0,948.0
1636718595.377,948.0,948.0
1636718595.676,948.0,948.0
1636718595.979,948.0,948.0
1636718596.278,948.0,948.0
1636718596.578,949.0,948.0
1636718596.88,948.0,948.0
1636718597.18,948.0,948.0
1636718597.478,948.0,948.0
1636718597.777,949.0,948.0
1636718598.081,948.0,948.0
1636718598.38,948.0,948.0
1636718598.679,947.0,948.0
1636718598.982,948.0,948.0
1636718599.281,948.0,948.0
1636718599.58,950.0,948.0
1636718599.883,948.0,948.0
1636718600.182,950.0,948.0
1636718600.481,947.0,948.0
1636718600.784,948.0,948.0
1636718601.083,948.0,948.0
1636718601.382,948.0,948.0
1636718601.681,949.0,948.0
1636718601.984,948.0,948.0
1636718602.283,950.0,948.0
1636718602.582,948.0,948.0
1636718602.885,948.0,948.0
1636718603.184,947.0,948.0
1636718603.483,948.0,948.0
1636718603.786,948.0,948.0
1636718604.085,948.0,948.0
1636718604.384,948.0,948.0
1636718604.687,948.0,948.0
1636718604.986,947.0,948.0
1636718605.285,949.0,948.0
1636718605.584,948.0,947.0
1636718605.887,948.0,947.0
1636718606.186,947.0,947.0
1636718606.485,948.0,947.0
1636718606.788,949.0,947.0
1636718607.087,947.0,948.0
1636718607.386,946.0,947.0
1636718607.689,948.0,947.0
1636718607.988,948.0,947.0
1636718608.287,948.0,947.0
1636718608.59,948.0,947.0
1636718608.889,948.0,947.0
1636718609.189,947.0,947.0
1636718609.488,948.0,947.0
1636718609.79,948.0,947.0
1636718610.09,948.0,947.0
1636718610.389,948.0,947.0
1636718610.692,948.0,947.0
1636718610.991,948.0,947.0
1636718611.29,949.0,947.0
1636718611.593,948.0,948.0
1636718611.892,949.0,948.0
1636718612.191,948.0,948.0
1636718612.49,948.0,948.0
1636718612.793,948.0,948.0
1636718613.092,949.0,948.0
1636718613.391,948.0,948.0
1636718613.694,949.0,948.0
1636718613.993,949.0,948.0
1636718614.292,949.0,948.0
1636718614.595,947.0,948.0
1636718614.894,947.0,948.0
1636718615.193,948.0,948.0
1636718615.496,947.0,948.0
1636718615.795,949.0,948.0
1636718616.094,948.0,948.0
1636718616.393,948.0,948.0
1636718616.696,948.0,948.0
1636718616.995,948.0,948.0
1636718617.294,948.0,947.0
1636718617.597,947.0,947.0
1636718617.896,948.0,947.0
1636718618.195,948.0,947.0
1636718618.498,947.0,947.0
1636718618.797,947.0,947.0
1636718619.096,948.0,947.0
1636718619.399,948.0,947.0
1636718619.698,949.0,947.0
1636718619.997,948.0,947.0
1636718620.296,948.0,947.0
1636718620.599,948.0,947.0
1636718620.898,950.0,947.0
1636718621.197,949.0,948.0
1636718621.5,948.0,948.0
1636718621.799,948.0,948.0
1636718622.099,947.0,948.0
1636718622.401,948.0,948.0
1636718622.701,948.0,948.0
1636718623.0,949.0,948.0
1636718623.303,949.0,948.0
1636718623.602,947.0,948.0
1636718623.901,948.0,948.0
1636718624.2,948.0,948.0
1636718624.503,948.0,948.0
1636718624.802,948.0,948.0
1636718625.101,948.0,948.0
1636718625.404,947.0,948.0
1636718625.703,948.0,948.0
1636718626.002,947.0,948.0
1636718626.305,948.0,947.0
1636718626.604,947.0,947.0
1636718626.903,948.0,947.0
1636718627.202,948.0,947.0
1636718627.505,947.0,947.0
1636718627.804,950.0,947.0
1636718628.103,947.0,947.0
1636718628.406,948.0,947.0
1636718628.705,947.0,947.0
1636718629.004,947.0,947.0
1636718629.307,949.0,947.0
1636718629.606,948.0,947.0
1636718629.905,947.0,947.0
1636718630.208,948.0,947.0
1636718630.507,947.0,947.0
1636718630.806,949.0,947.0
1636718631.105,949.0,947.0
1636718631.408,950.0,947.0
1636718631.707,948.0,948.0
1636718632.006,948.0,948.0
1636718632.309,949.0,948.0
1636718632.608,951.0,948.0
1636718632.907,948.0,948.0
1636718633.21,947.0,948.0
1636718633.509,948.0,948.0
1636718633.808,948.0,948.0
1636718634.111,949.0,948.0
1636718634.41,947.0,948.0
1636718634.71,948.0,948.0
1636718635.009,948.0,948.0
1636718635.311,947.0,948.0
1636718635.611,949.0,948.0
1636718635.91,948.0,947.0
1636718636.213,947.0,947.0
1636718636.512,948.0,947.0
1636718636.811,948.0,947.0
1636718637.114,948.0,947.0
1636718637.413,948.0,947.0
1636718637.712,948.0,947.0
1636718638.015,948.0,947.0
1636718638.314,949.0,947.0
1636718638.613,948.0,948.0
1636718638.912,948.0,948.0
1636718639.215,949.0,948.0
1636718639.514,948.0,948.0
1636718639.813,948.0,948.0
1636718640.116,948.0,948.0
1636718640.415,951.0,948.0
1636718640.714,948.0,948.0
1636718641.017,948.0,948.0
1636718641.316,948.0,948.0
1636718641.615,947.0,948.0
1636718641.914,949.0,948.0
1636718642.217,948.0,948.0
1636718642.516,948.0,948.0
1636718642.815,948.0,948.0
1636718643.118,949.0,948.0
1636718643.417,948.0,948.0
1636718643.716,950.0,948.0
1636718644.019,948.0,948.0
1636718644.318,947.0,948.0
1636718644.617,947.0,948.0
1636718644.92,948.0,948.0
1636718645.219,947.0,948.0
1636718645.518,948.0,948.0
1636718645.817,948.0,948.0
1636718646.12,948.0,948.0
1636718646.419,948.0,947.0
1636718646.719,947.0,947.0
1636718647.021,948.0,947.0
1636718647.32,948.0,947.0
1636718647.62,948.0,947.0
1636718647.922,948.0,947.0
1636718648.222,948.0,947.0
1636718648.521,948.0,947.0
1636718648.824,949.0,947.0
1636718649.123,947.0,948.0
1636718649.422,948.0,947.0
1636718649.721,947.0,947.0
1636718650.024,948.0,947.0
1636718650.323,948.0,947.0
1636718650.622,948.0,947.0
1636718650.925,948.0,947.0
1636718651.224,948.0,947.0
1636718651.523,948.0,947.0
1636718651.826,948.0,947.0
1636718652.125,948.0,947.0
1636718652.424,948.0,947.0
1636718652.727,948.0,947.0
1636718653.026,947.0,948.0
1636718653.325,947.0,947.0
1636718653.624,948.0,947.0
1636718653.927,948.0,947.0
1636718654.226,948.0,947.0
1636718654.525,948.0,947.0
1636718654.828,948.0,947.0
1636718655.127,947.0,947.0
1636718655.426,948.0,947.0
1636718655.729,948.0,947.0
1636718656.028,948.0,947.0
1636718656.327,948.0,947.0
1636718656.626,948.0,947.0
1636718656.929,948.0,947.0
1636718657.228,948.0,947.0
1636718657.527,948.0,947.0
1636718657.83,948.0,947.0
1636718658.129,947.0,947.0
1636718658.428,949.0,947.0
1636718658.731,947.0,948.0
1636718659.03,948.0,947.0
1636718659.329,948.0,947.0
1636718659.632,948.0,947.0
1636718659.931,948.0,947.0
1636718660.231,949.0,947.0
1636718660.53,948.0,948.0
1636718660.833,949.0,948.0
1636718661.132,948.0,948.0
1636718661.431,948.0,948.0
1636718661.734,948.0,948.0
1636718662.033,948.0,948.0
1636718662.332,947.0,948.0
1636718662.635,948.0,948.0
1636718662.934,948.0,948.0
1636718663.233,948.0,948.0
1636718663.536,947.0,948.0
1636718663.835,948.0,947.0
1636718664.134,950.0,947.0
1636718664.433,949.0,948.0
1636718664.736,948.0,948.0
1636718665.035,947.0,948.0
1636718665.334,948.0,948.0
1636718665.637,948.0,948.0
1636718665.936,947.0,948.0
1636718666.235,947.0,948.0
1636718666.538,947.0,947.0
1636718666.837,948.0,947.0
1636718667.136,948.0,947.0
1636718667.439,948.0,947.0
1636718667.738,948.0,947.0
1636718668.037,947.0,947.0
1636718668.336,947.0,947.0
1636718668.639,948.0,947.0
1636718668.938,948.0,947.0
1636718669.237,948.0,947.0
1636718669.54,948.0,947.0
1636718669.839,948.0,947.0
1636718670.138,947.0,947.0
1636718670.441,948.0,947.0
1636718670.74,948.0,947.0
1636718671.039,948.0,947.0
1636718671.338,947.0,947.0
1636718671.641,948.0,947.0
1636718671.94,947.0,947.0
1636718672.239,947.0,947.0
1636718672.542,948.0,947.0
1636718672.841,947.0,947.0
1636718673.141,947.0,947.0
1636718673.443,949.0,947.0
1636718673.743,948.0,947.0
1636718674.042,948.0,947.0
1636718674.345,947.0,947.0
1636718674.644,947.0,947.0
1636718674.943,947.0,947.0
1636718675.242,948.0,947.0
1636718675.545,948.0,947.0
1636718675.844,948.0,947.0
1636718676.143,947.0,947.0
1636718676.446,948.0,947.0
1636718676.745,948.0,947.0
1636718677.044,948.0,947.0
1636718677.347,948.0,947.0
1636718677.646,947.0,947.0
1636718677.945,948.0,947.0
1636718678.248,948.0,947.0
1636718678.547,949.0,947.0
1636718678.846,948.0,947.0
1636718679.145,948.0,947.0
1636718679.448,948.0,948.0
1636718679.747,949.0,948.0
1636718680.046,948.0,948.0
1636718680.349,949.0,948.0
1636718680.648,948.0,948.0
1636718680.947,949.0,948.0
1636718681.25,948.0,948.0
1636718681.549,948.0,948.0
1636718681.848,948.0,948.0
1636718682.147,948.0,948.0
1636718682.45,948.0,948.0
1636718682.749,948.0,948.0
1636718683.048,947.0,948.0
1636718683.351,948.0,948.0
1636718683.65,948.0,948.0
1636718683.949,948.0,948.0
1636718684.252,948.0,947.0
1636718684.551,947.0,947.0
1636718684.85,948.0,947.0
1636718685.153,948.0,947.0
1636718685.452,948.0,947.0
1636718685.752,948.0,947.0
1636718686.051,948.0,947.0
1636718686.354,948.0,947.0
1636718686.653,948.0,947.0
1636718686.952,948.0,947.0
1636718687.255,950.0,947.0
1636718687.554,948.0,948.0
1636718687.853,948.0,948.0
1636718688.156,949.0,948.0
1636718688.455,948.0,948.0
1636718688.754,948.0,948.0
1636718689.057,948.0,948.0
1636718689.356,948.0,948.0
1636718689.655,947.0,948.0
1636718689.954,948.0,948.0
1636718690.257,947.0,948.0
1636718690.556,948.0,947.0
1636718690.855,948.0,947.0
1636718691.158,947.0,947.0
1636718691.457,949.0,947.0
1636718691.756,948.0,947.0
1636718692.059,948.0,947.0
1636718692.358,948.0,947.0
1636718692.657,948.0,947.0
1636718692.96,947.0,947.0
1636718693.259,948.0,947.0
1636718693.558,948.0,947.0
1636718693.857,947.0,947.0
1636718694.16,948.0,947.0
1636718694.459,948.0,947.0
1636718694.758,947.0,947.0
1636718695.061,948.0,947.0
1636718695.36,948.0,947.0
1636718695.659,948.0,947.0
1636718695.962,947.0,947.0
1636718696.261,948.0,947.0
1636718696.56,949.0,947.0
1636718696.859,949.0,947.0
1636718697.162,948.0,948.0
1636718697.461,948.0,948.0
1636718697.761,948.0,948.0
1636718698.063,948.0,948.0
1636718698.363,947.0,948.0
1636718698.662,948.0,948.0
1636718698.964,948.0,948.0
1636718699.264,947.0,948.0
1636718699.563,948.0,948.0
1636718699.866,948.0,947.0
1636718700.165,947.0,947.0
1636718700.464,947.0,947.0
1636718700.763,948.0,947.0
1636718701.066,948.0,947.0
1636718701.365,947.0,947.0
1636718701.664,948.0,947.0
1636718701.967,948.0,947.0
1636718702.266,948.0,947.0
1636718702.565,948.0,947.0
1636718702.868,948.0,947.0
1636718703.167,948.0,947.0
1636718703.466,948.0,947.0
1636718703.769,949.0,947.0
1636718704.068,948.0,948.0
1636718704.367,950.0,948.0
1636718704.666,949.0,948.0
1636718704.969,950.0,948.0
1636718705.268,948.0,948.0
1636718705.567,948.0,948.0
1636718705.87,947.0,948.0
1636718706.169,948.0,948.0
1636718706.468,949.0,948.0
1636718706.771,947.0,948.0
1636718707.07,948.0,948.0
1636718707.369,947.0,948.0
1636718707.672,947.0,948.0
1636718707.971,948.0,947.0
1636718708.27,947.0,947.0
1636718708.569,948.0,947.0
1636718708.872,948.0,947.0
1636718709.171,947.0,947.0
1636718709.47,947.0,947.0
1636718709.773,947.0,947.0
1636718710.072,948.0,947.0
1636718710.372,947.0,947.0
1636718710.674,949.0,947.0
1636718710.973,948.0,947.0
1636718711.273,947.0,947.0
1636718711.572,948.0,947.0
1636718711.875,948.0,947.0
1636718712.174,948.0,947.0
1636718712.473,948.0,947.0
1636718712.776,948.0,947.0
1636718713.075,947.0,947.0
1636718713.374,948.0,947.0
1636718713.677,948.0,947.0
1636718713.976,948.0,947.0
1636718714.275,948.0,947.0
1636718714.578,950.0,947.0
1636718714.877,948.0,948.0
1636718715.176,948.0,948.0
1636718715.475,948.0,948.0
1636718715.778,950.0,948.0
1636718716.077,948.0,948.0
1636718716.376,948.0,948.0
1636718716.679,947.0,948.0
1636718716.978,947.0,948.0
1636718717.277,948.0,948.0
1636718717.58,948.0,948.0
1636718717.879,947.0,948.0
1636718718.178,948.0,947.0
1636718718.481,948.0,947.0
1636718718.78,948.0,947.0
1636718719.079,948.0,947.0
1636718719.378,947.0,947.0
1636718719.681,949.0,947.0
1636718719.98,948.0,947.0
1636718720.279,948.0,947.0
1636718720.582,948.0,947.0
1636718720.881,948.0,947.0
1636718721.18,949.0,948.0
1636718721.483,948.0,948.0
1636718721.782,948.0,948.0
1636718722.081,947.0,948.0
1636718722.384,948.0,948.0
1636718722.683,948.0,948.0
1636718722.982,948.0,948.0
1636718723.282,947.0,948.0
1636718723.584,948.0,947.0
1636718723.884,948.0,947.0
1636718724.183,948.0,947.0
1636718724.486,948.0,947.0
1636718724.785,948.0,947.0
1636718725.084,948.0,947.0
1636718725.387,947.0,947.0
1636718725.686,948.0,947.0
1636718725.985,947.0,947.0
1636718726.284,948.0,947.0
1636718726.587,948.0,947.0
1636718726.886,948.0,947.0
1636718727.185,949.0,947.0
1636718727.488,947.0,947.0
1636718727.787,948.0,947.0
1636718728.086,948.0,947.0
1636718728.389,948.0,947.0
1636718728.688,948.0,947.0
1636718728.987,948.0,947.0
1636718729.29,947.0,948.0
1636718729.589,948.0,947.0
1636718729.888,948.0,947.0
1636718730.187,947.0,947.0
1636718730.49,947.0,947.0
1636718730.789,948.0,947.0
1636718731.088,947.0,947.0
1636718731.391,947.0,947.0
1636718731.69,948.0,947.0
1636718731.989,947.0,947.0
1636718732.292,947.0,947.0
1636718732.591,948.0,947.0
1636718732.89,947.0,947.0
1636718733.193,948.0,947.0
1636718733.492,947.0,947.0
1636718733.791,946.0,947.0
1636718734.09,948.0,947.0
1636718734.393,947.0,947.0
1636718734.692,948.0,947.0
1636718734.991,948.0,947.0
1636718735.294,948.0,947.0
1636718735.593,948.0,947.0
1636718735.893,947.0,947.0
1636718736.195,948.0,947.0
1636718736.495,947.0,947.0
1636718736.794,947.0,947.0
1636718737.097,948.0,947.0
1636718737.396,948.0,947.0
1636718737.695,948.0,947.0
1636718737.994,948.0,947.0
1636718738.297,948.0,947.0
1636718738.596,947.0,947.0
1636718738.895,947.0,947.0
1636718739.198,947.0,947.0
1636718739.497,947.0,947.0
1636718739.796,949.0,947.0
1636718740.099,946.0,947.0
1636718740.398,948.0,947.0
1636718740.697,948.0,947.0
1636718740.996,947.0,947.0
1636718741.299,948.0,947.0
1636718741.598,948.0,947.0
1636718741.897,947.0,947.0
1636718742.2,948.0,947.0
1636718742.499,948.0,947.0
1636718742.798,947.0,947.0
1636718743.101,948.0,947.0
1636718743.4,948.0,947.0
1636718743.699,948.0,947.0
1636718744.002,948.0,947.0
1636718744.301,948.0,947.0
1636718744.6,947.0,947.0
1636718744.899,947.0,947.0
1636718745.202,948.0,947.0
1636718745.501,948.0,947.0
1636718745.8,948.0,947.0
1636718746.103,948.0,947.0
1636718746.402,947.0,947.0
1636718746.701,949.0,947.0
1636718747.004,948.0,947.0
1636718747.303,948.0,947.0
1636718747.602,947.0,947.0
1636718747.905,948.0,947.0
1636718748.204,947.0,947.0
1636718748.503,948.0,947.0
1636718748.803,947.0,947.0
1636718749.105,948.0,947.0
1636718749.405,947.0,947.0
1636718749.704,946.0,947.0
1636718750.007,948.0,947.0
1636718750.306,948.0,947.0
1636718750.605,948.0,947.0
1636718750.908,948.0,947.0
1636718751.207,948.0,947.0
1636718751.506,947.0,947.0
1636718751.805,948.0,947.0
1636718752.108,948.0,947.0
1636718752.407,949.0,947.0
1636718752.706,948.0,947.0
1636718753.009,948.0,948.0
1636718753.308,947.0,948.0
1636718753.607,948.0,947.0
1636718753.91,947.0,947.0
1636718754.209,947.0,947.0
1636718754.508,948.0,947.0
1636718754.811,947.0,947.0
1636718755.11,947.0,947.0
1636718755.409,947.0,947.0
1636718755.708,948.0,947.0
1636718756.011,948.0,947.0
1636718756.31,947.0,947.0
1636718756.609,947.0,947.0
1636718756.912,947.0,947.0
1636718757.211,948.0,947.0
1636718757.51,948.0,947.0
1636718757.813,948.0,947.0
1636718758.112,948.0,947.0
1636718758.411,947.0,947.0
1636718758.714,948.0,947.0
1636718759.013,948.0,947.0
1636718759.312,947.0,947.0
1636718759.611,948.0,947.0
1636718759.914,948.0,947.0
1636718760.213,948.0,947.0
1636718760.513,948.0,947.0
1636718760.815,947.0,947.0
1636718761.114,949.0,947.0
1636718761.414,948.0,947.0
1636718761.716,948.0,947.0
1636718762.016,948.0,947.0
1636718762.315,948.0,947.0
1636718762.618,947.0,948.0
1636718762.917,948.0,947.0
1636718763.216,948.0,947.0
1636718763.515,947.0,947.0
1636718763.818,948.0,947.0
1636718764.117,951.0,947.0
1636718764.416,947.0,948.0
1636718764.719,951.0,948.0
1636718765.018,947.0,948.0
1636718765.317,948.0,948.0
1636718765.62,947.0,948.0
1636718765.919,948.0,948.0
1636718766.218,947.0,948.0
1636718766.517,947.0,948.0
1636718766.82,948.0,948.0
1636718767.119,947.0,948.0
1636718767.418,947.0,947.0
1636718767.721,948.0,947.0
1636718768.02,948.0,947.0
1636718768.319,948.0,947.0
1636718768.622,948.0,947.0
1636718768.921,948.0,947.0
1636718769.22,948.0,947.0
1636718769.523,947.0,947.0
1636718769.822,947.0,947.0
1636718770.121,947.0,947.0
1636718770.42,948.0,947.0
1636718770.723,948.0,947.0
1636718771.022,948.0,947.0
1636718771.321,947.0,947.0
1636718771.624,948.0,947.0
1636718771.923,947.0,947.0
1636718772.222,948.0,947.0
1636718772.525,948.0,947.0
1636718772.824,948.0,947.0
1636718773.123,947.0,947.0
1636718773.426,947.0,947.0
1636718773.725,948.0,947.0
1636718774.025,947.0,947.0
1636718774.324,947.0,947.0
1636718774.627,948.0,947.0
1636718774.926,948.0,947.0
1636718775.225,947.0,947.0
1636718775.528,947.0,947.0
1636718775.827,947.0,947.0
1636718776.126,947.0,947.0
1636718776.429,948.0,947.0
1636718776.728,948.0,947.0
1636718777.027,948.0,947.0
1636718777.33,948.0,947.0
1636718777.629,948.0,947.0
1636718777.928,947.0,947.0
1636718778.227,948.0,947.0
1636718778.53,947.0,947.0
1636718778.829,947.0,947.0
1636718779.128,947.0,947.0
1636718779.431,949.0,947.0
1636718779.73,947.0,947.0
1636718780.029,948.0,947.0
1636718780.332,947.0,947.0
1636718780.631,948.0,947.0
1636718780.93,948.0,947.0
1636718781.229,947.0,947.0
1636718781.532,949.0,947.0
1636718781.831,947.0,947.0
1636718782.13,947.0,947.0
1636718782.433,948.0,947.0
1636718782.732,949.0,947.0
1636718783.031,947.0,947.0
1636718783.334,948.0,947.0
1636718783.633,948.0,947.0
1636718783.932,948.0,947.0
1636718784.235,948.0,947.0
1636718784.534,947.0,947.0
1636718784.833,947.0,947.0
1636718785.132,948.0,947.0
1636718785.435,947.0,947.0
1636718785.734,948.0,947.0
1636718786.033,948.0,947.0
1636718786.336,948.0,947.0
1636718786.635,947.0,947.0
1636718786.935,947.0,947.0
1636718787.237,948.0,947.0
1636718787.537,947.0,947.0
1636718787.836,948.0,947.0
1636718788.139,950.0,947.0
1636718788.438,947.0,947.0
1636718788.737,947.0,947.0
1636718789.036,948.0,947.0
1636718789.339,947.0,947.0
1636718789.638,948.0,947.0
1636718789.937,948.0,947.0
1636718790.24,947.0,947.0
1636718790.539,947.0,947.0
1636718790.838,947.0,947.0
1636718791.141,947.0,947.0
1636718791.44,947.0,947.0
1636718791.739,947.0,947.0
1636718792.042,948.0,947.0
1636718792.341,948.0,947.0
1636718792.64,948.0,947.0
1636718792.939,948.0,947.0
1636718793.242,948.0,947.0
1636718793.541,947.0,947.0
1636718793.84,947.0,947.0
1636718794.143,947.0,947.0
1636718794.442,948.0,947.0
1636718794.741,948.0,947.0
1636718795.044,948.0,947.0
1636718795.343,947.0,947.0
1636718795.642,947.0,947.0
1636718795.941,947.0,947.0
1636718796.244,949.0,947.0
1636718796.543,948.0,947.0
1636718796.842,948.0,947.0
1636718797.145,948.0,947.0
1636718797.444,947.0,947.0
1636718797.743,948.0,947.0
1636718798.046,947.0,947.0
1636718798.345,947.0,947.0
1636718798.644,947.0,947.0
1636718798.947,948.0,947.0
1636718799.246,947.0,947.0
1636718799.546,947.0,947.0
1636718799.845,948.0,947.0
1636718800.148,947.0,947.0
1636718800.447,948.0,947.0
1636718800.746,948.0,947.0
1636718801.049,947.0,947.0
1636718801.348,948.0,947.0
1636718801.647,948.0,947.0
1636718801.95,947.0,947.0
1636718802.249,948.0,947.0
1636718802.548,948.0,947.0
1636718802.851,949.0,947.0
1636718803.15,950.0,947.0
1636718803.449,948.0,948.0
1636718803.748,948.0,948.0
1636718804.051,948.0,948.0
1636718804.35,948.0,948.0
1636718804.649,948.0,948.0
1636718804.952,947.0,948.0
1636718805.251,947.0,948.0
1636718805.55,947.0,948.0
1636718805.853,947.0,948.0
1636718806.152,947.0,947.0
1636718806.451,947.0,947.0
1636718806.754,948.0,947.0
1636718807.053,948.0,947.0
1636718807.352,947.0,947.0
1636718807.651,949.0,947.0
1636718807.954,948.0,947.0
1636718808.253,947.0,947.0
1636718808.552,947.0,947.0
1636718808.855,947.0,947.0
1636718809.154,948.0,947.0
1636718809.453,948.0,947.0
1636718809.756,947.0,947.0
1636718810.055,948.0,947.0
1636718810.354,949.0,947.0
1636718810.653,949.0,947.0
1636718810.956,948.0,947.0
1636718811.255,948.0,947.0
1636718811.555,948.0,947.0
1636718811.857,948.0,948.0
1636718812.157,947.0,948.0
1636718812.456,948.0,948.0
1636718812.758,948.0,948.0
1636718813.058,947.0,948.0
1636718813.357,947.0,948.0
1636718813.66,948.0,947.0
1636718813.959,949.0,947.0
1636718814.258,948.0,947.0
1636718814.557,947.0,947.0
1636718814.86,948.0,947.0
1636718815.159,947.0,947.0
1636718815.458,947.0,947.0
1636718815.761,947.0,947.0
1636718816.06,947.0,947.0
1636718816.359,948.0,947.0
1636718816.662,948.0,947.0
1636718816.961,948.0,947.0
1636718817.26,947.0,947.0
1636718817.563,948.0,947.0
1636718817.862,947.0,947.0
1636718818.161,947.0,947.0
1636718818.46,947.0,947.0
1636718818.763,947.0,947.0
1636718819.062,947.0,947.0
1636718819.361,948.0,947.0
1636718819.664,947.0,947.0
1636718819.963,947.0,947.0
1636718820.262,948.0,947.0
1636718820.565,947.0,947.0
1636718820.864,947.0,947.0
1636718821.163,948.0,947.0
1636718821.466,947.0,947.0
1636718821.765,948.0,947.0
1636718822.064,949.0,947.0
1636718822.363,947.0,947.0
1636718822.666,947.0,947.0
1636718822.965,948.0,947.0
1636718823.264,946.0,947.0
1636718823.567,948.0,947.0
1636718823.866,948.0,947.0
1636718824.165,947.0,947.0
1636718824.468,947.0,947.0
1636718824.767,947.0,947.0
1636718825.067,947.0,947.0
1636718825.366,947.0,947.0
1636718825.669,947.0,947.0
1636718825.968,948.0,947.0
1636718826.267,948.0,947.0
1636718826.57,948.0,947.0
1636718826.869,948.0,947.0
1636718827.168,947.0,947.0
1636718827.471,947.0,947.0
1636718827.77,948.0,947.0
1636718828.069,947.0,947.0
1636718828.372,949.0,947.0
1636718828.671,947.0,947.0
1636718828.97,948.0,947.0
1636718829.269,947.0,947.0
1636718829.572,947.0,947.0
1636718829.871,947.0,947.0
1636718830.17,948.0,947.0
1636718830.473,948.0,947.0
1636718830.772,947.0,947.0
1636718831.071,948.0,947.0
1636718831.374,947.0,947.0
1636718831.673,947.0,947.0
1636718831.972,948.0,947.0
1636718832.275,948.0,947.0
1636718832.574,947.0,947.0
1636718832.873,948.0,947.0
1636718833.172,949.0,947.0
1636718833.475,949.0,947.0
1636718833.774,947.0,947.0
1636718834.073,947.0,947.0
1636718834.376,947.0,947.0
1636718834.675,948.0,947.0
1636718834.974,947.0,947.0
1636718835.277,950.0,947.0
1636718835.576,948.0,947.0
1636718835.875,947.0,948.0
1636718836.178,947.0,947.0
1636718836.477,949.0,947.0
1636718836.776,948.0,947.0
1636718837.076,946.0,947.0
1636718837.378,948.0,947.0
1636718837.677,947.0,947.0
1636718837.977,947.0,947.0
1636718838.279,947.0,947.0
1636718838.579,948.0,947.0
1636718838.878,948.0,947.0
1636718839.181,947.0,947.0
1636718839.48,947.0,947.0
1636718839.779,947.0,947.0
1636718840.078,948.0,947.0
1636718840.381,948.0,947.0
1636718840.68,947.0,947.0
1636718840.979,948.0,947.0
1636718841.282,949.0,947.0
1636718841.581,947.0,947.0
1636718841.88,948.0,947.0
1636718842.183,948.0,947.0
1636718842.482,948.0,947.0
1636718842.781,947.0,947.0
1636718843.084,948.0,947.0
1636718843.383,948.0,947.0
1636718843.682,948.0,947.0
1636718843.981,948.0,947.0
1636718844.284,948.0,947.0
1636718844.583,949.0,947.0
1636718844.882,947.0,948.0
1636718845.185,947.0,947.0
1636718845.484,947.0,947.0
1636718845.783,948.0,947.0
1636718846.086,948.0,947.0
1636718846.385,948.0,947.0
1636718846.684,947.0,947.0
1636718846.987,948.0,947.0
1636718847.286,948.0,947.0
1636718847.585,948.0,947.0
1636718847.884,947.0,947.0
1636718848.187,948.0,947.0
1636718848.486,946.0,947.0
1636718848.785,948.0,947.0
1636718849.088,947.0,947.0
1636718849.387,948.0,947.0
1636718849.687,947.0,947.0
1636718849.989,948.0,947.0
1636718850.288,948.0,947.0
1636718850.588,947.0,947.0
1636718850.887,947.0,947.0
1636718851.19,948.0,947.0
1636718851.489,948.0,947.0
1636718851.788,947.0,947.0
1636718852.091,948.0,947.0
1636718852.39,947.0,947.0
1636718852.689,948.0,947.0
1636718852.992,947.0,947.0
1636718853.291,948.0,947.0
1636718853.59,947.0,947.0
1636718853.893,947.0,947.0
1636718854.192,947.0,947.0
1636718854.491,948.0,947.0
1636718854.79,948.0,947.0
1636718855.093,948.0,947.0
1636718855.392,947.0,947.0
1636718855.691,948.0,947.0
1636718855.994,948.0,947.0
1636718856.293,948.0,947.0
1636718856.592,947.0,947.0
1636718856.895,947.0,947.0
1636718857.194,948.0,947.0
1636718857.493,947.0,947.0
1636718857.796,946.0,947.0
1636718858.095,948.0,947.0
1636718858.394,947.0,947.0
1636718858.693,948.0,947.0
1636718858.996,948.0,947.0
1636718859.295,947.0,947.0
1636718859.594,949.0,947.0
1636718859.897,948.0,947.0
1636718860.196,948.0,947.0
1636718860.495,948.0,947.0
1636718860.798,947.0,947.0
1636718861.097,949.0,947.0
1636718861.396,947.0,947.0
1636718861.699,947.0,947.0
1636718861.998,947.0,947.0
1636718862.297,948.0,947.0
1636718862.596,948.0,947.0
1636718862.899,947.0,947.0
1636718863.199,947.0,947.0
1636718863.498,950.0,947.0
1636718863.8,948.0,947.0
1636718864.1,948.0,947.0
1636718864.399,947.0,947.0
1636718864.702,948.0,947.0
1636718865.001,948.0,947.0
1636718865.3,947.0,947.0
1636718865.599,948.0,947.0
1636718865.902,948.0,947.0
1636718866.201,947.0,947.0
1636718866.5,948.0,947.0
1636718866.803,947.0,947.0
1636718867.102,948.0,947.0
1636718867.401,948.0,947.0
1636718867.704,949.0,947.0
1636718868.003,948.0,947.0
1636718868.302,948.0,947.0
1636718868.605,947.0,947.0
1636718868.904,947.0,947.0
1636718869.203,947.0,947.0
1636718869.502,947.0,947.0
1636718869.805,947.0,947.0
1636718870.104,947.0,947.0
1636718870.403,948.0,947.0
1636718870.706,947.0,947.0
1636718871.005,947.0,947.0
1636718871.304,947.0,947.0
1636718871.607,947.0,947.0
1636718871.906,948.0,947.0
1636718872.205,948.0,947.0
1636718872.508,948.0,947.0
1636718872.807,948.0,947.0
1636718873.106,948.0,947.0
1636718873.405,947.0,947.0
1636718873.708,948.0,947.0
1636718874.007,948.0,947.0
1636718874.306,948.0,947.0
1636718874.609,947.0,947.0
1636718874.908,947.0,947.0
1636718875.208,947.0,947.0
1636718875.51,950.0,947.0
1636718875.809,947.0,947.0
1636718876.109,947.0,947.0
1636718876.411,948.0,947.0
1636718876.711,947.0,947.0
1636718877.01,947.0,947.0
1636718877.309,948.0,947.0
1636718877.612,948.0,947.0
1636718877.911,949.0,947.0
1636718878.21,947.0,947.0
1636718878.513,948.0,947.0
1636718878.812,948.0,947.0
1636718879.111,947.0,947.0
1636718879.414,948.0,947.0
1636718879.713,948.0,947.0
1636718880.012,948.0,947.0
1636718880.311,949.0,947.0
1636718880.614,947.0,948.0
1636718880.913,947.0,947.0
1636718881.212,947.0,947.0
1636718881.515,948.0,947.0
1636718881.814,947.0,947.0
1636718882.113,948.0,947.0
1636718882.416,948.0,947.0
1636718882.715,947.0,947.0
1636718883.014,948.0,947.0
1636718883.317,948.0,947.0
1636718883.616,947.0,947.0
1636718883.915,947.0,947.0
1636718884.214,947.0,947.0
1636718884.517,947.0,947.0
1636718884.816,948.0,947.0
1636718885.115,948.0,947.0
1636718885.418,947.0,947.0
1636718885.717,947.0,947.0
1636718886.016,947.0,947.0
1636718886.319,948.0,947.0
1636718886.618,947.0,947.0
1636718886.917,947.0,947.0
1636718887.22,947.0,947.0
1636718887.519,948.0,947.0
1636718887.818,947.0,947.0
1636718888.118,948.0,947.0
1636718888.42,948.0,947.0
1636718888.72,947.0,947.0
1636718889.019,947.0,947.0
1636718889.321,948.0,947.0
1636718889.621,948.0,947.0
1636718889.92,947.0,947.0
1636718890.223,948.0,947.0
1636718890.522,948.0,947.0
1636718890.821,948.0,947.0
1636718891.124,947.0,947.0
1636718891.423,948.0,947.0
1636718891.722,948.0,947.0
1636718892.021,947.0,947.0
1636718892.324,947.0,947.0
1636718892.623,947.0,947.0
1636718892.922,947.0,947.0
1636718893.225,947.0,947.0
1636718893.524,947.0,947.0
1636718893.823,947.0,947.0
1636718894.126,948.0,947.0
1636718894.425,947.0,947.0
1636718894.724,948.0,947.0
1636718895.023,947.0,947.0
1636718895.326,948.0,947.0
1636718895.625,948.0,947.0
1636718895.924,948.0,947.0
1636718896.227,948.0,947.0
1636718896.526,947.0,947.0
1636718896.825,948.0,947.0
1636718897.128,949.0,947.0
1636718897.427,948.0,947.0
1636718897.726,948.0,947.0
1636718898.029,948.0,947.0
1636718898.328,948.0,948.0
1636718898.627,947.0,948.0
1636718898.926,948.0,947.0
1636718899.229,947.0,947.0
1636718899.528,949.0,947.0
1636718899.827,947.0,948.0
1636718900.13,948.0,947.0
1636718900.429,948.0,947.0
1636718900.729,947.0,947.0
1636718901.031,948.0,947.0
1636718901.33,948.0,947.0
1636718901.63,947.0,947.0
1636718901.933,948.0,947.0
1636718902.232,951.0,947.0
1636718902.531,947.0,948.0
1636718902.83,947.0,947.0
1636718903.133,947.0,947.0
1636718903.432,949.0,947.0
1636718903.731,948.0,947.0
1636718904.034,947.0,948.0
1636718904.333,948.0,947.0
1636718904.632,948.0,947.0
1636718904.935,948.0,948.0
1636718905.234,947.0,948.0
1636718905.533,948.0,947.0
1636718905.836,947.0,947.0
1636718906.135,948.0,947.0
1636718906.434,947.0,947.0
1636718906.733,948.0,947.0
1636718907.036,947.0,947.0
1636718907.335,948.0,947.0
1636718907.634,947.0,947.0
1636718907.937,947.0,947.0
1636718908.236,948.0,947.0
1636718908.535,947.0,947.0
1636718908.838,947.0,947.0
1636718909.137,948.0,947.0
1636718909.436,947.0,947.0
1636718909.735,947.0,947.0
1636718910.038,948.0,947.0
1636718910.337,948.0,947.0
1636718910.636,950.0,947.0
1636718910.939,948.0,947.0
1636718911.238,947.0,947.0
1636718911.537,947.0,947.0
1636718911.84,948.0,947.0
1636718912.139,948.0,947.0
1636718912.438,948.0,947.0
1636718912.741,948.0,947.0
1636718913.04,948.0,948.0
1636718913.339,947.0,948.0
1636718913.639,948.0,947.0
1636718913.941,948.0,947.0
1636718914.241,947.0,947.0
1636718914.54,948.0,947.0
1636718914.842,948.0,947.0
1636718915.142,948.0,947.0
1636718915.441,947.0,947.0
1636718915.744,947.0,947.0
1636718916.043,947.0,947.0
1636718916.342,947.0,947.0
1636718916.645,947.0,947.0
1636718916.944,947.0,947.0
1636718917.243,948.0,947.0
1636718917.542,948.0,947.0
1636718917.845,948.0,947.0
1636718918.144,948.0,947.0
1636718918.443,948.0,947.0
1636718918.746,948.0,947.0
1636718919.045,948.0,947.0
1636718919.344,948.0,947.0
1636718919.647,948.0,947.0
1636718919.946,948.0,947.0
1636718920.245,948.0,948.0
1636718920.548,947.0,948.0
1636718920.847,948.0,947.0
1636718921.146,948.0,947.0
1636718921.445,948.0,947.0
1636718921.748,948.0,947.0
1636718922.047,951.0,947.0
1636718922.346,948.0,948.0
1636718922.649,948.0,948.0
1636718922.948,948.0,948.0
1636718923.247,948.0,948.0
1636718923.55,948.0,948.0
1636718923.849,948.0,948.0
1636718924.148,948.0,948.0
1636718924.447,947.0,948.0
1636718924.75,948.0,948.0
1636718925.049,948.0,948.0
1636718925.348,948.0,947.0
1636718925.651,948.0,947.0
1636718925.95,947.0,947.0
1636718926.25,947.0,947.0
1636718926.552,948.0,947.0
1636718926.851,947.0,947.0
1636718927.151,948.0,947.0
1636718927.453,947.0,947.0
1636718927.753,947.0,947.0
1636718928.052,948.0,947.0
1636718928.351,948.0,947.0
1636718928.654,948.0,947.0
1636718928.953,947.0,947.0
1636718929.252,948.0,947.0
1636718929.555,947.0,947.0
1636718929.854,948.0,947.0
1636718930.153,947.0,947.0
1636718930.456,948.0,947.0
1636718930.755,948.0,947.0
1636718931.054,947.0,947.0
1636718931.357,947.0,947.0
1636718931.656,947.0,947.0
1636718931.955,947.0,947.0
1636718932.254,947.0,947.0
1636718932.557,950.0,947.0
