1636773535.95,377.0,0.0
1636773536.253,347.0,351.0
1636773536.551,385.0,351.0
1636773536.85,306.0,355.0
1636773537.154,342.0,351.0
1636773537.453,330.0,350.0
1636773537.752,324.0,348.0
1636773538.055,331.0,345.0
1636773538.354,300.0,344.0
1636773538.653,323.0,339.0
1636773538.956,301.0,336.0
1636773539.255,295.0,328.0
1636773539.554,306.0,323.0
1636773539.857,280.0,315.0
1636773540.156,304.0,313.0
1636773540.455,278.0,309.0
1636773540.754,290.0,304.0
1636773541.057,295.0,300.0
1636773541.356,282.0,297.0
1636773541.655,296.0,295.0
1636773541.958,271.0,292.0
1636773542.257,315.0,289.0
1636773542.556,316.0,291.0
1636773542.859,296.0,292.0
1636773543.158,286.0,294.0
1636773543.457,289.0,292.0
1636773543.76,315.0,293.0
1636773544.059,286.0,296.0
1636773544.358,326.0,295.0
1636773544.657,281.0,299.0
1636773544.96,316.0,298.0
1636773545.259,278.0,302.0
1636773545.558,296.0,298.0
1636773545.861,271.0,296.0
1636773546.16,270.0,294.0
1636773546.459,321.0,292.0
1636773546.762,277.0,296.0
1636773547.061,310.0,292.0
1636773547.36,312.0,294.0
1636773547.663,300.0,293.0
1636773547.963,293.0,295.0
1636773548.261,273.0,292.0
1636773548.56,317.0,292.0
1636773548.863,311.0,294.0
1636773549.163,314.0,298.0
1636773549.462,291.0,302.0
1636773549.765,282.0,299.0
1636773550.064,297.0,300.0
1636773550.363,277.0,299.0
1636773550.666,300.0,295.0
1636773550.965,300.0,295.0
1636773551.264,307.0,296.0
1636773551.567,282.0,299.0
1636773551.866,278.0,296.0
1636773552.165,281.0,292.0
1636773552.464,279.0,289.0
1636773552.767,300.0,288.0
1636773553.066,297.0,290.0
1636773553.365,296.0,290.0
1636773553.668,294.0,292.0
1636773553.967,297.0,291.0
1636773554.266,305.0,291.0
1636773554.569,284.0,290.0
1636773554.868,315.0,291.0
1636773555.167,298.0,294.0
1636773555.466,291.0,296.0
1636773555.769,299.0,297.0
1636773556.068,289.0,297.0
1636773556.379,312.0,296.0
1636773556.67,315.0,298.0
1636773556.969,307.0,300.0
1636773557.268,278.0,301.0
1636773557.596,277.0,298.0
1636773557.87,288.0,298.0
1636773558.169,283.0,295.0
1636773558.484,308.0,293.0
1636773558.771,295.0,295.0
1636773559.07,320.0,295.0
1636773559.37,297.0,298.0
1636773559.697,292.0,296.0
1636773559.971,278.0,294.0
1636773560.27,279.0,291.0
1636773560.582,306.0,291.0
1636773560.872,284.0,294.0
1636773561.172,303.0,294.0
1636773561.474,290.0,296.0
1636773561.798,276.0,294.0
1636773562.073,291.0,292.0
1636773562.375,255.0,289.0
1636773562.683,310.0,285.0
1636773562.974,282.0,287.0
1636773563.273,292.0,287.0
1636773563.576,282.0,288.0
1636773563.903,277.0,286.0
1636773564.174,279.0,285.0
1636773564.477,263.0,283.0
1636773564.788,292.0,280.0
1636773565.075,304.0,282.0
1636773565.378,297.0,283.0
1636773565.677,278.0,287.0
1636773566.005,295.0,284.0
1636773566.279,300.0,285.0
1636773566.578,305.0,286.0
1636773566.889,297.0,289.0
1636773567.176,288.0,291.0
1636773567.479,297.0,291.0
1636773567.778,285.0,295.0
1636773568.106,285.0,294.0
1636773568.38,270.0,292.0
1636773568.679,270.0,290.0
1636773568.99,284.0,289.0
1636773569.281,257.0,288.0
1636773569.58,295.0,283.0
1636773569.879,297.0,282.0
1636773570.207,299.0,282.0
1636773570.481,322.0,283.0
1636773570.78,309.0,286.0
1636773571.092,312.0,288.0
1636773571.382,296.0,291.0
1636773571.681,284.0,294.0
1636773571.981,306.0,295.0
1636773572.312,280.0,297.0
1636773572.582,299.0,300.0
1636773572.881,270.0,300.0
1636773573.197,280.0,297.0
1636773573.483,268.0,295.0
1636773573.783,283.0,290.0
1636773574.082,262.0,287.0
1636773574.413,282.0,282.0
1636773574.684,278.0,281.0
1636773574.983,250.0,280.0
1636773575.298,286.0,275.0
1636773575.585,265.0,275.0
1636773575.884,301.0,272.0
1636773576.187,274.0,275.0
1636773576.486,292.0,274.0
1636773576.785,260.0,277.0
1636773577.088,277.0,275.0
1636773577.387,274.0,276.0
1636773577.686,281.0,275.0
1636773577.985,310.0,276.0
1636773578.288,232.0,282.0
1636773578.587,310.0,276.0
1636773578.886,277.0,281.0
1636773579.189,261.0,278.0
1636773579.488,291.0,277.0
1636773579.787,270.0,277.0
1636773580.09,294.0,278.0
1636773580.389,277.0,280.0
1636773580.688,295.0,280.0
1636773580.991,276.0,281.0
1636773581.29,283.0,278.0
1636773581.589,291.0,283.0
1636773581.888,284.0,281.0
1636773582.191,307.0,282.0
1636773582.49,266.0,286.0
1636773582.789,310.0,284.0
1636773583.092,273.0,288.0
1636773583.391,292.0,286.0
1636773583.69,265.0,287.0
1636773583.993,244.0,284.0
1636773584.292,266.0,281.0
1636773584.591,250.0,279.0
1636773584.894,290.0,275.0
1636773585.193,260.0,276.0
1636773585.492,276.0,271.0
1636773585.792,284.0,272.0
1636773586.094,283.0,270.0
1636773586.394,281.0,271.0
1636773586.693,248.0,269.0
1636773586.995,284.0,268.0
1636773587.295,278.0,272.0
1636773587.594,282.0,273.0
1636773587.897,270.0,276.0
1636773588.196,288.0,274.0
1636773588.495,307.0,277.0
1636773588.798,296.0,280.0
1636773589.097,304.0,281.0
1636773589.396,266.0,283.0
1636773589.695,302.0,282.0
1636773589.998,275.0,287.0
1636773590.297,275.0,286.0
1636773590.596,279.0,286.0
1636773590.899,276.0,286.0
1636773591.198,285.0,286.0
1636773591.497,250.0,286.0
1636773591.8,286.0,280.0
1636773592.099,259.0,279.0
1636773592.398,282.0,275.0
1636773592.697,272.0,276.0
1636773593.0,283.0,273.0
1636773593.299,293.0,274.0
1636773593.598,287.0,276.0
1636773593.901,290.0,277.0
1636773594.2,281.0,278.0
1636773594.499,300.0,278.0
1636773594.802,286.0,283.0
1636773595.101,263.0,283.0
1636773595.4,265.0,283.0
1636773595.703,260.0,282.0
1636773596.002,278.0,280.0
1636773596.301,269.0,280.0
1636773596.6,309.0,277.0
1636773596.903,297.0,280.0
1636773597.202,281.0,280.0
1636773597.501,270.0,280.0
1636773597.804,304.0,277.0
1636773598.103,317.0,279.0
1636773598.403,267.0,285.0
1636773598.705,321.0,285.0
1636773599.004,301.0,291.0
1636773599.304,320.0,293.0
1636773599.606,283.0,298.0
1636773599.906,306.0,296.0
1636773600.205,272.0,297.0
1636773600.504,302.0,296.0
1636773600.807,331.0,299.0
1636773601.106,332.0,302.0
1636773601.405,302.0,303.0
1636773601.708,329.0,307.0
1636773602.007,308.0,307.0
1636773602.306,316.0,308.0
1636773602.609,292.0,308.0
1636773602.908,339.0,309.0
1636773603.207,323.0,312.0
1636773603.51,310.0,317.0
1636773603.809,326.0,318.0
1636773604.108,326.0,317.0
1636773604.407,327.0,317.0
1636773604.71,343.0,319.0
1636773605.009,337.0,321.0
1636773605.308,339.0,323.0
1636773605.611,360.0,326.0
1636773605.931,326.0,333.0
1636773606.209,328.0,331.0
1636773606.512,328.0,332.0
1636773606.815,333.0,334.0
1636773607.413,309.0,337.0
1636773607.712,343.0,335.0
1636773608.032,330.0,335.0
1636773608.31,329.0,335.0
1636773608.613,350.0,334.0
1636773608.916,334.0,333.0
1636773609.248,356.0,333.0
1636773609.514,331.0,336.0
1636773609.813,322.0,336.0
1636773610.133,333.0,335.0
1636773610.415,329.0,333.0
1636773610.714,346.0,335.0
1636773611.017,324.0,336.0
1636773611.349,347.0,335.0
1636773611.615,327.0,337.0
1636773611.914,347.0,334.0
1636773612.234,332.0,336.0
1636773612.516,328.0,333.0
1636773612.816,336.0,333.0
1636773613.119,337.0,334.0
1636773613.45,348.0,335.0
1636773613.717,349.0,337.0
1636773614.016,340.0,337.0
1636773614.335,345.0,339.0
1636773614.618,329.0,338.0
1636773614.917,348.0,339.0
1636773615.22,312.0,339.0
1636773615.552,341.0,337.0
1636773615.818,338.0,338.0
1636773616.117,341.0,338.0
1636773616.436,346.0,339.0
1636773616.719,327.0,338.0
1636773617.018,369.0,336.0
1636773617.321,339.0,339.0
1636773617.653,355.0,339.0
1636773617.919,343.0,341.0
1636773618.222,337.0,341.0
1636773618.541,351.0,343.0
1636773618.82,342.0,344.0
1636773619.119,376.0,345.0
1636773619.426,341.0,348.0
1636773619.758,335.0,348.0
1636773620.02,346.0,348.0
1636773620.323,337.0,346.0
1636773620.643,342.0,346.0
1636773620.921,350.0,345.0
1636773621.224,337.0,345.0
1636773621.527,351.0,345.0
1636773621.859,331.0,345.0
1636773622.125,342.0,344.0
1636773622.424,339.0,341.0
1636773622.744,342.0,341.0
1636773623.022,338.0,341.0
1636773623.326,333.0,340.0
1636773623.628,359.0,340.0
1636773623.96,338.0,342.0
1636773624.226,347.0,341.0
1636773624.525,340.0,342.0
1636773624.845,318.0,340.0
1636773625.128,347.0,339.0
1636773625.427,359.0,340.0
1636773625.73,359.0,342.0
1636773626.062,343.0,343.0
1636773626.327,327.0,344.0
1636773626.627,348.0,343.0
1636773626.946,317.0,342.0
1636773627.229,344.0,340.0
1636773627.528,328.0,340.0
1636773627.831,334.0,339.0
1636773628.163,326.0,340.0
1636773628.429,348.0,338.0
1636773628.728,321.0,337.0
1636773629.047,326.0,333.0
1636773629.33,366.0,331.0
1636773629.629,339.0,335.0
1636773629.932,349.0,334.0
1636773630.264,359.0,338.0
1636773630.53,342.0,339.0
1636773630.829,371.0,341.0
1636773631.149,352.0,344.0
1636773631.431,352.0,347.0
1636773631.73,366.0,347.0
1636773632.033,365.0,352.0
1636773632.365,333.0,356.0
1636773632.631,359.0,352.0
1636773632.934,326.0,354.0
1636773633.254,364.0,352.0
1636773633.532,334.0,353.0
1636773633.831,341.0,352.0
1636773634.138,358.0,349.0
1636773634.47,349.0,349.0
1636773634.732,358.0,349.0
1636773635.035,352.0,348.0
1636773635.355,336.0,347.0
1636773635.633,363.0,347.0
1636773635.936,347.0,348.0
1636773636.235,346.0,350.0
1636773636.534,342.0,348.0
1636773636.837,328.0,349.0
1636773637.137,353.0,347.0
1636773637.436,331.0,347.0
1636773637.735,351.0,345.0
1636773638.038,328.0,344.0
1636773638.337,333.0,342.0
1636773638.636,346.0,342.0
1636773638.938,342.0,340.0
1636773639.237,374.0,340.0
1636773639.537,331.0,342.0
1636773639.84,336.0,341.0
1636773640.139,352.0,342.0
1636773640.438,342.0,342.0
1636773640.741,370.0,343.0
1636773641.04,342.0,345.0
1636773641.339,334.0,346.0
1636773641.638,347.0,346.0
1636773641.941,323.0,347.0
1636773642.24,354.0,345.0
1636773642.539,351.0,343.0
1636773642.842,351.0,345.0
1636773643.141,334.0,346.0
1636773643.44,328.0,344.0
1636773643.743,349.0,343.0
1636773644.042,337.0,341.0
1636773644.341,348.0,340.0
1636773644.644,348.0,342.0
1636773644.943,345.0,342.0
1636773645.242,361.0,344.0
1636773645.541,349.0,345.0
1636773645.844,342.0,345.0
1636773646.143,343.0,344.0
1636773646.442,319.0,345.0
1636773646.745,364.0,344.0
1636773647.044,327.0,345.0
1636773647.343,350.0,344.0
1636773647.646,340.0,344.0
1636773647.945,339.0,344.0
1636773648.244,351.0,343.0
1636773648.543,331.0,342.0
1636773648.846,361.0,340.0
1636773649.145,352.0,342.0
1636773649.444,350.0,343.0
1636773649.747,335.0,346.0
1636773650.046,333.0,343.0
1636773650.346,360.0,344.0
1636773650.648,341.0,345.0
1636773650.948,338.0,345.0
1636773651.247,340.0,345.0
1636773651.55,347.0,344.0
1636773651.849,341.0,345.0
1636773652.148,318.0,343.0
1636773652.447,333.0,340.0
1636773652.75,325.0,338.0
1636773653.049,323.0,337.0
1636773653.348,339.0,336.0
1636773653.651,337.0,334.0
1636773653.95,341.0,334.0
1636773654.249,339.0,334.0
1636773654.552,353.0,334.0
1636773654.851,315.0,334.0
1636773655.15,329.0,332.0
1636773655.453,333.0,333.0
1636773655.773,323.0,333.0
1636773656.051,354.0,333.0
1636773656.35,338.0,336.0
1636773656.653,343.0,336.0
1636773656.952,332.0,336.0
1636773657.251,343.0,335.0
1636773657.554,345.0,336.0
1636773657.853,345.0,335.0
1636773658.152,349.0,338.0
1636773658.455,348.0,340.0
1636773658.754,362.0,342.0
1636773659.053,351.0,345.0
1636773659.356,372.0,345.0
1636773659.655,377.0,349.0
1636773659.954,376.0,352.0
1636773660.253,362.0,356.0
1636773660.556,373.0,358.0
1636773660.855,355.0,361.0
1636773661.154,396.0,362.0
1636773661.457,358.0,367.0
1636773661.756,381.0,368.0
1636773662.056,396.0,370.0
1636773662.358,369.0,374.0
1636773662.658,377.0,374.0
1636773662.956,366.0,374.0
1636773663.259,400.0,373.0
1636773663.558,329.0,377.0
1636773667.192,384.0,372.0
1636773667.199,371.0,375.0
1636773667.203,378.0,373.0
1636773667.207,368.0,375.0
1636773667.211,362.0,373.0
1636773667.215,419.0,370.0
1636773667.218,369.0,375.0
1636773667.235,390.0,374.0
1636773667.251,389.0,377.0
1636773667.27,389.0,375.0
1636773667.284,391.0,381.0
1636773667.294,378.0,382.0
1636773667.462,391.0,383.0
1636773667.761,369.0,384.0
1636773668.089,387.0,384.0
1636773668.363,378.0,387.0
1636773668.662,380.0,383.0
1636773668.973,376.0,384.0
1636773669.264,367.0,382.0
1636773669.563,374.0,380.0
1636773669.862,351.0,379.0
1636773670.19,379.0,375.0
1636773670.464,353.0,375.0
1636773670.763,368.0,371.0
1636773671.074,371.0,371.0
1636773671.365,356.0,369.0
1636773671.664,391.0,367.0
1636773671.963,361.0,368.0
1636773672.291,382.0,367.0
1636773672.565,360.0,368.0
1636773672.864,363.0,367.0
1636773673.176,391.0,368.0
1636773673.466,365.0,369.0
1636773673.765,389.0,370.0
1636773674.068,341.0,372.0
1636773674.396,370.0,369.0
1636773674.666,356.0,371.0
1636773674.965,371.0,367.0
1636773675.277,385.0,368.0
1636773675.568,354.0,369.0
1636773675.867,382.0,368.0
1636773676.17,357.0,370.0
1636773676.497,375.0,367.0
1636773676.768,353.0,368.0
1636773677.071,377.0,364.0
1636773677.382,382.0,368.0
1636773677.669,352.0,369.0
1636773677.972,381.0,368.0
1636773678.271,359.0,369.0
1636773678.598,377.0,367.0
1636773678.869,361.0,369.0
1636773679.44,375.0,367.0
1636773679.484,364.0,369.0
1636773679.77,360.0,368.0
1636773680.073,381.0,368.0
1636773680.372,334.0,369.0
1636773680.7,381.0,364.0
1636773680.974,355.0,367.0
1636773681.273,380.0,364.0
1636773681.584,366.0,366.0
1636773681.875,355.0,365.0
1636773682.174,357.0,365.0
1636773682.473,372.0,363.0
1636773682.805,380.0,364.0
1636773683.075,359.0,366.0
1636773683.375,376.0,363.0
1636773683.689,368.0,368.0
1636773683.976,373.0,366.0
1636773684.275,382.0,368.0
1636773684.574,364.0,368.0
1636773684.906,378.0,368.0
1636773685.176,363.0,370.0
1636773685.475,389.0,371.0
1636773685.791,384.0,373.0
1636773686.077,376.0,373.0
1636773686.377,374.0,375.0
1636773686.676,342.0,375.0
1636773687.007,386.0,372.0
1636773687.277,375.0,373.0
1636773687.577,381.0,373.0
1636773687.892,374.0,374.0
1636773688.179,388.0,374.0
1636773688.478,378.0,376.0
1636773688.781,367.0,375.0
1636773689.108,388.0,374.0
1636773689.379,372.0,375.0
1636773689.678,401.0,375.0
1636773689.997,384.0,381.0
1636773690.28,378.0,380.0
1636773690.579,382.0,381.0
1636773690.882,358.0,381.0
1636773691.214,389.0,379.0
1636773691.48,364.0,379.0
1636773691.783,385.0,378.0
1636773692.098,370.0,380.0
1636773692.381,350.0,378.0
1636773692.684,363.0,376.0
1636773692.983,362.0,372.0
1636773693.282,379.0,370.0
1636773693.581,375.0,370.0
1636773693.884,371.0,369.0
1636773694.183,378.0,370.0
1636773694.483,361.0,369.0
1636773694.785,388.0,369.0
1636773695.084,383.0,369.0
1636773695.383,375.0,371.0
1636773695.686,368.0,373.0
1636773695.985,362.0,374.0
1636773696.284,372.0,374.0
1636773696.587,356.0,373.0
1636773696.886,375.0,371.0
1636773697.185,366.0,371.0
1636773697.484,369.0,370.0
1636773697.787,358.0,371.0
1636773698.087,326.0,368.0
1636773698.385,378.0,362.0
1636773698.688,358.0,363.0
1636773698.987,384.0,362.0
1636773699.286,368.0,364.0
1636773699.589,367.0,363.0
1636773699.897,374.0,364.0
1636773700.188,363.0,364.0
1636773700.486,375.0,364.0
1636773700.79,371.0,365.0
1636773701.088,372.0,366.0
1636773701.388,381.0,371.0
1636773701.691,361.0,371.0
1636773701.989,378.0,371.0
1636773702.289,367.0,371.0
1636773702.592,367.0,370.0
1636773702.891,368.0,370.0
1636773703.19,347.0,370.0
1636773703.493,374.0,368.0
1636773703.792,352.0,368.0
1636773704.091,386.0,366.0
1636773704.39,360.0,368.0
1636773704.693,393.0,366.0
1636773704.992,377.0,369.0
1636773705.291,354.0,369.0
1636773705.594,371.0,367.0
1636773705.893,366.0,368.0
1636773706.192,390.0,368.0
1636773706.495,377.0,372.0
1636773706.794,367.0,372.0
1636773707.093,378.0,374.0
1636773707.396,367.0,373.0
1636773707.695,385.0,374.0
1636773707.994,368.0,373.0
1636773708.293,395.0,372.0
1636773708.596,358.0,376.0
1636773708.895,377.0,375.0
1636773709.194,359.0,376.0
1636773709.497,372.0,373.0
1636773709.796,373.0,372.0
1636773710.095,357.0,373.0
1636773710.398,380.0,371.0
1636773710.697,354.0,372.0
1636773710.996,382.0,369.0
1636773711.299,361.0,370.0
1636773711.598,346.0,367.0
1636773711.897,368.0,366.0
1636773712.196,352.0,365.0
1636773712.499,371.0,364.0
1636773712.798,354.0,364.0
1636773713.098,366.0,362.0
1636773713.4,362.0,363.0
1636773713.699,365.0,361.0
1636773713.999,377.0,362.0
1636773714.302,360.0,362.0
1636773714.601,386.0,362.0
1636773714.9,359.0,366.0
1636773715.203,388.0,365.0
1636773715.502,366.0,368.0
1636773715.801,372.0,368.0
1636773716.1,375.0,370.0
1636773716.403,366.0,371.0
1636773716.702,377.0,371.0
1636773717.001,353.0,372.0
1636773717.304,381.0,370.0
1636773717.603,355.0,372.0
1636773717.902,351.0,369.0
1636773718.205,353.0,368.0
1636773718.504,352.0,364.0
1636773718.803,381.0,363.0
1636773719.102,360.0,364.0
1636773719.405,371.0,362.0
1636773719.704,393.0,363.0
1636773720.003,361.0,365.0
1636773720.306,384.0,365.0
1636773720.605,350.0,366.0
1636773720.904,373.0,365.0
1636773721.207,366.0,367.0
1636773721.506,365.0,369.0
1636773721.805,384.0,370.0
1636773722.108,352.0,370.0
1636773722.407,381.0,369.0
1636773722.706,350.0,370.0
1636773723.005,387.0,366.0
1636773723.308,361.0,369.0
1636773723.607,373.0,366.0
1636773723.906,381.0,369.0
1636773724.209,368.0,370.0
1636773724.508,370.0,370.0
1636773724.808,361.0,370.0
1636773725.11,378.0,368.0
1636773725.409,363.0,371.0
1636773725.709,371.0,369.0
1636773726.011,366.0,371.0
1636773726.311,382.0,369.0
1636773726.61,399.0,371.0
1636773726.909,368.0,373.0
1636773727.212,391.0,372.0
1636773727.511,375.0,374.0
1636773727.81,371.0,375.0
1636773728.113,366.0,376.0
1636773728.412,356.0,375.0
1636773728.711,375.0,374.0
1636773729.014,339.0,374.0
1636773729.313,388.0,372.0
1636773729.612,381.0,372.0
1636773729.915,394.0,371.0
1636773730.214,386.0,373.0
1636773730.513,363.0,373.0
1636773730.812,398.0,371.0
1636773731.115,369.0,374.0
1636773731.414,396.0,374.0
1636773731.713,366.0,378.0
1636773732.016,389.0,378.0
1636773732.315,379.0,383.0
1636773732.614,373.0,382.0
1636773732.917,395.0,381.0
1636773733.216,375.0,381.0
1636773733.515,402.0,380.0
1636773733.814,372.0,384.0
1636773734.117,391.0,381.0
1636773734.416,363.0,383.0
1636773734.715,357.0,380.0
1636773735.018,360.0,379.0
1636773735.317,356.0,376.0
1636773735.616,379.0,374.0
1636773735.919,365.0,375.0
1636773736.218,365.0,372.0
1636773736.517,390.0,371.0
1636773736.82,381.0,369.0
1636773737.119,399.0,370.0
1636773737.418,383.0,371.0
1636773737.718,378.0,373.0
1636773738.021,395.0,375.0
1636773738.319,375.0,379.0
1636773738.618,396.0,381.0
1636773738.922,370.0,382.0
1636773739.221,367.0,383.0
1636773739.52,363.0,383.0
1636773739.823,347.0,380.0
1636773740.122,367.0,377.0
1636773740.421,350.0,374.0
1636773740.724,382.0,370.0
1636773741.023,362.0,371.0
1636773741.322,382.0,367.0
1636773741.621,403.0,368.0
1636773741.924,386.0,369.0
1636773742.223,384.0,370.0
1636773742.522,409.0,372.0
1636773742.825,399.0,377.0
1636773743.124,396.0,382.0
1636773743.423,406.0,385.0
1636773743.726,404.0,390.0
1636773744.025,404.0,393.0
1636773744.324,412.0,397.0
1636773744.627,411.0,400.0
1636773744.926,406.0,401.0
1636773745.225,415.0,403.0
1636773745.524,412.0,406.0
1636773745.827,401.0,406.0
1636773746.126,416.0,406.0
1636773746.425,404.0,408.0
1636773746.728,392.0,408.0
1636773747.027,411.0,407.0
1636773747.326,404.0,408.0
1636773747.629,401.0,407.0
1636773747.928,410.0,406.0
1636773748.227,422.0,406.0
1636773748.526,401.0,407.0
1636773748.829,406.0,406.0
1636773749.128,402.0,406.0
1636773749.427,397.0,405.0
1636773749.73,409.0,404.0
1636773750.03,411.0,406.0
1636773750.329,404.0,406.0
1636773750.631,414.0,406.0
1636773750.93,423.0,407.0
1636773751.23,401.0,408.0
1636773751.532,420.0,406.0
1636773751.832,413.0,408.0
1636773752.131,404.0,409.0
1636773752.43,400.0,409.0
1636773752.733,411.0,409.0
1636773753.032,408.0,410.0
1636773753.331,403.0,409.0
1636773753.634,411.0,409.0
1636773753.933,410.0,409.0
1636773754.232,405.0,408.0
1636773754.535,425.0,408.0
1636773754.834,412.0,409.0
1636773755.133,404.0,408.0
1636773755.436,425.0,408.0
1636773755.735,411.0,411.0
1636773756.034,403.0,411.0
1636773756.333,412.0,410.0
1636773756.636,410.0,411.0
1636773756.935,405.0,411.0
1636773757.234,413.0,411.0
1636773757.537,413.0,412.0
1636773757.836,414.0,410.0
1636773758.135,404.0,411.0
1636773758.438,411.0,411.0
1636773758.737,404.0,409.0
1636773759.036,393.0,408.0
1636773759.339,414.0,407.0
1636773759.638,406.0,408.0
1636773759.937,398.0,407.0
1636773760.236,409.0,407.0
1636773760.539,413.0,406.0
1636773760.838,400.0,406.0
1636773761.137,421.0,405.0
1636773761.44,416.0,406.0
1636773761.739,398.0,407.0
1636773762.038,409.0,406.0
1636773762.341,414.0,408.0
1636773762.64,409.0,408.0
1636773762.939,410.0,408.0
1636773763.238,420.0,409.0
1636773763.542,394.0,411.0
1636773763.841,398.0,409.0
1636773764.14,413.0,408.0
1636773764.442,403.0,408.0
1636773764.742,391.0,406.0
1636773765.041,412.0,406.0
1636773765.345,412.0,406.0
1636773765.642,384.0,406.0
1636773765.941,413.0,403.0
1636773766.245,396.0,404.0
1636773766.544,398.0,401.0
1636773766.843,423.0,402.0
1636773767.142,408.0,404.0
1636773767.445,400.0,404.0
1636773767.744,408.0,403.0
1636773768.043,412.0,405.0
1636773768.346,405.0,405.0
1636773768.645,413.0,404.0
1636773768.944,407.0,407.0
1636773769.247,403.0,407.0
1636773769.546,405.0,407.0
1636773769.845,416.0,408.0
1636773770.148,393.0,407.0
1636773770.447,411.0,406.0
1636773770.746,398.0,407.0
1636773771.045,392.0,406.0
1636773771.348,408.0,404.0
1636773771.647,400.0,404.0
1636773771.946,387.0,403.0
1636773772.249,413.0,401.0
1636773772.548,398.0,402.0
1636773772.847,401.0,401.0
1636773773.15,426.0,400.0
1636773773.449,400.0,403.0
1636773773.748,415.0,402.0
1636773774.051,429.0,404.0
1636773774.35,418.0,407.0
1636773774.649,417.0,408.0
1636773774.948,410.0,410.0
1636773775.251,402.0,412.0
1636773775.55,401.0,411.0
1636773775.849,410.0,411.0
1636773776.152,409.0,412.0
1636773776.451,404.0,411.0
1636773776.751,408.0,411.0
1636773777.053,402.0,410.0
1636773777.353,405.0,408.0
1636773777.652,402.0,406.0
1636773777.955,416.0,405.0
1636773778.254,411.0,405.0
1636773778.553,407.0,406.0
1636773778.852,413.0,407.0
1636773779.155,414.0,407.0
1636773779.454,396.0,408.0
1636773779.753,421.0,407.0
1636773780.056,411.0,408.0
1636773780.355,394.0,409.0
1636773780.654,421.0,408.0
1636773780.957,404.0,410.0
1636773781.256,400.0,409.0
1636773781.555,415.0,408.0
1636773781.854,399.0,408.0
1636773782.157,401.0,407.0
1636773782.456,395.0,406.0
1636773782.755,403.0,406.0
1636773783.058,391.0,404.0
1636773783.357,412.0,402.0
1636773783.656,396.0,404.0
1636773783.959,395.0,401.0
1636773784.258,408.0,400.0
1636773784.557,407.0,401.0
1636773784.86,401.0,400.0
1636773785.159,395.0,400.0
1636773785.458,397.0,400.0
1636773785.757,399.0,400.0
1636773786.06,403.0,400.0
1636773786.359,380.0,401.0
1636773786.658,406.0,398.0
1636773786.961,396.0,399.0
1636773787.26,372.0,399.0
1636773787.559,409.0,395.0
1636773787.862,387.0,395.0
1636773788.161,375.0,394.0
1636773788.46,393.0,392.0
1636773788.763,391.0,392.0
1636773789.062,391.0,391.0
1636773789.362,403.0,390.0
1636773789.661,374.0,392.0
1636773789.963,397.0,389.0
1636773790.263,389.0,389.0
1636773790.562,371.0,390.0
1636773790.865,402.0,387.0
1636773791.164,369.0,388.0
1636773791.463,391.0,388.0
1636773791.766,393.0,387.0
1636773792.065,381.0,388.0
1636773792.364,391.0,387.0
1636773792.667,389.0,385.0
1636773792.966,376.0,387.0
1636773793.265,388.0,385.0
1636773793.564,352.0,385.0
1636773793.867,382.0,383.0
1636773794.166,380.0,381.0
1636773794.465,368.0,382.0
1636773794.768,400.0,380.0
1636773795.067,380.0,380.0
1636773795.366,386.0,380.0
1636773795.669,380.0,380.0
1636773795.968,362.0,379.0
1636773796.267,392.0,377.0
1636773796.566,373.0,378.0
1636773796.869,379.0,380.0
1636773797.168,380.0,380.0
1636773797.467,373.0,380.0
1636773797.77,385.0,380.0
1636773798.069,387.0,379.0
1636773798.368,358.0,379.0
1636773798.671,380.0,376.0
1636773798.97,365.0,376.0
1636773799.269,388.0,377.0
1636773799.572,377.0,376.0
1636773799.871,361.0,377.0
1636773800.171,378.0,375.0
1636773800.469,356.0,375.0
1636773800.772,396.0,373.0
1636773801.071,382.0,374.0
1636773801.371,371.0,374.0
1636773801.673,388.0,375.0
1636773801.973,387.0,376.0
1636773802.271,380.0,378.0
1636773802.574,397.0,377.0
1636773802.873,363.0,379.0
1636773803.173,388.0,379.0
1636773803.476,377.0,380.0
1636773803.775,361.0,382.0
1636773804.074,379.0,379.0
1636773804.373,367.0,379.0
1636773804.676,386.0,378.0
1636773804.975,387.0,378.0
1636773805.274,367.0,378.0
1636773805.577,383.0,377.0
1636773805.876,372.0,375.0
1636773806.175,383.0,376.0
1636773806.478,377.0,376.0
1636773806.777,382.0,376.0
1636773807.076,400.0,378.0
1636773807.375,398.0,380.0
1636773807.678,386.0,383.0
1636773807.977,418.0,383.0
1636773808.276,391.0,386.0
1636773808.579,386.0,389.0
1636773808.878,401.0,389.0
1636773809.177,383.0,392.0
1636773809.48,401.0,392.0
1636773809.779,393.0,394.0
1636773810.078,368.0,395.0
1636773810.381,392.0,392.0
1636773810.68,378.0,391.0
1636773810.979,389.0,391.0
1636773811.278,390.0,388.0
1636773811.581,356.0,388.0
1636773811.88,404.0,385.0
1636773812.179,364.0,385.0
1636773812.482,346.0,383.0
1636773812.781,374.0,378.0
1636773813.08,373.0,376.0
1636773813.383,398.0,376.0
1636773813.682,365.0,377.0
1636773813.981,377.0,375.0
1636773814.284,369.0,374.0
1636773814.583,355.0,372.0
1636773814.883,377.0,372.0
1636773815.182,366.0,369.0
1636773815.485,384.0,370.0
1636773815.784,373.0,373.0
1636773816.083,354.0,373.0
1636773816.386,375.0,371.0
1636773816.685,361.0,369.0
1636773816.984,377.0,369.0
1636773817.287,369.0,369.0
1636773817.586,374.0,369.0
1636773817.885,382.0,371.0
1636773818.188,369.0,371.0
1636773818.487,401.0,371.0
1636773818.786,383.0,373.0
1636773819.085,407.0,374.0
1636773819.388,394.0,379.0
1636773819.687,374.0,381.0
1636773819.986,390.0,383.0
1636773820.289,358.0,384.0
1636773820.588,398.0,383.0
1636773820.887,364.0,385.0
1636773821.19,387.0,383.0
1636773821.489,373.0,385.0
1636773821.788,372.0,382.0
1636773822.087,364.0,381.0
1636773822.39,361.0,377.0
1636773822.689,378.0,374.0
1636773822.988,363.0,374.0
1636773823.291,385.0,371.0
1636773823.59,366.0,374.0
1636773823.889,354.0,371.0
1636773824.192,374.0,370.0
1636773824.491,367.0,369.0
1636773824.79,393.0,368.0
1636773825.093,369.0,370.0
1636773825.392,384.0,371.0
1636773825.691,381.0,373.0
1636773825.99,373.0,373.0
1636773826.293,383.0,374.0
1636773826.592,344.0,374.0
1636773826.892,395.0,372.0
1636773827.194,351.0,376.0
1636773827.493,369.0,374.0
1636773827.793,373.0,374.0
1636773828.095,360.0,372.0
1636773828.395,367.0,371.0
1636773828.694,339.0,369.0
1636773828.997,389.0,365.0
1636773829.296,343.0,367.0
1636773829.595,374.0,363.0
1636773829.894,347.0,366.0
1636773830.197,358.0,361.0
1636773830.496,339.0,361.0
1636773830.795,374.0,358.0
1636773831.098,345.0,359.0
1636773831.397,369.0,357.0
1636773831.696,328.0,357.0
1636773831.999,349.0,356.0
1636773832.298,334.0,352.0
1636773832.597,355.0,351.0
1636773832.896,339.0,349.0
1636773833.199,353.0,349.0
1636773833.498,338.0,348.0
1636773833.797,332.0,348.0
1636773834.1,312.0,344.0
1636773834.399,319.0,340.0
1636773834.698,270.0,335.0
1636773835.001,305.0,330.0
1636773835.3,268.0,325.0
1636773835.599,304.0,319.0
1636773835.902,266.0,314.0
1636773836.201,285.0,306.0
1636773836.5,230.0,299.0
1636773836.799,266.0,289.0
1636773837.102,243.0,282.0
1636773837.401,261.0,275.0
1636773837.7,234.0,269.0
1636773838.003,245.0,266.0
1636773838.302,231.0,260.0
1636773838.601,247.0,256.0
1636773838.904,244.0,250.0
1636773839.203,283.0,248.0
1636773839.502,251.0,248.0
1636773839.805,257.0,250.0
1636773840.104,260.0,249.0
1636773840.403,277.0,251.0
1636773840.703,266.0,252.0
1636773841.006,257.0,256.0
1636773841.305,228.0,257.0
1636773841.604,264.0,257.0
1636773841.907,257.0,258.0
1636773842.206,260.0,260.0
1636773842.505,251.0,257.0
1636773842.808,254.0,257.0
1636773843.107,256.0,257.0
1636773843.406,269.0,257.0
1636773843.709,249.0,256.0
1636773844.008,266.0,254.0
1636773844.307,237.0,255.0
1636773844.606,266.0,256.0
1636773844.909,247.0,256.0
1636773845.208,262.0,255.0
1636773845.507,246.0,255.0
1636773845.81,257.0,255.0
1636773846.109,257.0,255.0
1636773846.408,257.0,255.0
1636773846.711,254.0,254.0
1636773847.01,262.0,254.0
1636773847.309,257.0,254.0
1636773847.608,264.0,256.0
1636773847.911,253.0,256.0
1636773848.21,241.0,256.0
1636773848.509,256.0,254.0
1636773848.812,258.0,255.0
1636773849.111,262.0,255.0
1636773849.41,268.0,256.0
1636773849.713,243.0,257.0
1636773850.012,251.0,256.0
1636773850.311,280.0,255.0
1636773850.614,255.0,257.0
1636773850.913,254.0,256.0
1636773851.212,244.0,256.0
1636773851.511,239.0,257.0
1636773851.814,241.0,255.0
1636773852.113,249.0,253.0
1636773852.413,248.0,252.0
1636773852.752,254.0,250.0
1636773853.014,289.0,251.0
1636773853.314,251.0,255.0
1636773853.616,255.0,252.0
1636773853.916,271.0,252.0
1636773854.215,262.0,254.0
1636773854.518,283.0,255.0
1636773854.817,290.0,260.0
1636773855.116,294.0,265.0
1636773855.415,259.0,269.0
1636773855.718,247.0,270.0
1636773856.017,299.0,270.0
1636773856.316,294.0,271.0
1636773856.619,286.0,275.0
1636773856.918,260.0,278.0
1636773857.217,288.0,277.0
1636773857.52,277.0,280.0
1636773857.819,261.0,279.0
1636773858.118,273.0,276.0
1636773858.418,299.0,274.0
1636773858.72,297.0,278.0
1636773859.019,229.0,283.0
1636773859.318,299.0,276.0
1636773859.621,274.0,276.0
1636773859.921,303.0,275.0
1636773860.219,299.0,280.0
1636773860.522,311.0,281.0
1636773860.821,310.0,284.0
1636773861.12,315.0,289.0
1636773861.423,335.0,293.0
1636773861.722,297.0,297.0
1636773862.021,337.0,297.0
1636773862.32,327.0,308.0
1636773862.623,330.0,310.0
1636773862.922,324.0,316.0
1636773863.221,243.0,318.0
1636773863.524,323.0,312.0
1636773863.852,303.0,314.0
1636773864.122,302.0,313.0
1636773864.425,316.0,312.0
1636773864.737,305.0,310.0
1636773865.023,330.0,311.0
1636773865.326,320.0,310.0
1636773865.625,328.0,309.0
1636773865.953,309.0,309.0
1636773866.224,291.0,307.0
1636773866.527,312.0,312.0
1636773866.839,286.0,311.0
1636773867.124,313.0,309.0
1636773867.427,305.0,311.0
1636773867.727,304.0,309.0
1636773868.054,301.0,309.0
1636773868.329,333.0,306.0
1636773868.628,293.0,308.0
1636773868.939,320.0,304.0
1636773869.23,294.0,305.0
1636773869.529,303.0,306.0
1636773869.828,296.0,305.0
1636773870.155,326.0,306.0
1636773870.43,324.0,307.0
1636773870.729,320.0,309.0
1636773871.04,303.0,311.0
1636773871.331,321.0,311.0
1636773871.63,330.0,310.0
1636773871.929,333.0,313.0
1636773872.257,312.0,315.0
1636773872.531,325.0,316.0
1636773872.83,310.0,319.0
1636773873.141,329.0,320.0
1636773873.432,309.0,320.0
1636773873.731,328.0,319.0
1636773874.03,301.0,320.0
1636773874.358,324.0,319.0
1636773874.632,301.0,320.0
1636773874.931,319.0,317.0
1636773875.243,292.0,315.0
1636773875.533,309.0,313.0
1636773875.832,311.0,312.0
1636773876.135,326.0,312.0
1636773876.463,308.0,312.0
1636773876.733,325.0,311.0
1636773877.032,308.0,311.0
1636773877.348,343.0,312.0
1636773877.634,320.0,314.0
1636773877.934,339.0,316.0
1636773878.237,322.0,318.0
1636773878.564,336.0,321.0
1636773878.835,317.0,323.0
1636773879.137,338.0,324.0
1636773879.449,329.0,325.0
1636773879.736,337.0,327.0
1636773880.039,353.0,328.0
1636773880.338,344.0,333.0
1636773880.665,359.0,333.0
1636773880.936,335.0,337.0
1636773881.239,317.0,337.0
1636773881.55,346.0,336.0
1636773881.837,322.0,337.0
1636773882.14,360.0,338.0
1636773882.439,354.0,340.0
1636773882.767,355.0,342.0
1636773883.041,341.0,344.0
1636773883.34,356.0,343.0
1636773883.651,379.0,344.0
1636773883.938,352.0,346.0
1636773884.241,352.0,348.0
1636773884.54,342.0,351.0
1636773884.839,328.0,351.0
1636773885.142,382.0,351.0
1636773885.441,359.0,354.0
1636773885.74,357.0,354.0
1636773886.043,357.0,354.0
1636773886.342,350.0,356.0
1636773886.641,380.0,355.0
1636773886.944,354.0,355.0
1636773887.243,351.0,356.0
1636773887.542,385.0,356.0
1636773887.841,397.0,360.0
1636773888.144,393.0,367.0
1636773888.443,399.0,368.0
1636773888.742,402.0,372.0
1636773889.045,400.0,376.0
1636773889.344,397.0,381.0
1636773889.643,391.0,385.0
1636773889.946,407.0,386.0
1636773890.245,415.0,392.0
1636773890.544,402.0,398.0
1636773890.847,411.0,400.0
1636773891.146,406.0,401.0
1636773891.446,393.0,403.0
1636773891.745,406.0,402.0
1636773892.047,422.0,402.0
1636773892.347,401.0,405.0
1636773892.646,397.0,405.0
1636773892.949,417.0,406.0
1636773893.248,411.0,407.0
1636773893.547,404.0,406.0
1636773893.85,397.0,406.0
1636773894.149,399.0,405.0
1636773894.448,416.0,404.0
1636773894.747,411.0,407.0
1636773895.05,411.0,407.0
1636773895.349,388.0,406.0
1636773895.648,392.0,405.0
1636773895.951,396.0,404.0
1636773896.25,392.0,402.0
1636773896.549,383.0,400.0
1636773896.852,395.0,398.0
1636773897.151,401.0,398.0
1636773897.45,393.0,398.0
1636773897.753,392.0,396.0
1636773898.052,361.0,394.0
1636773898.351,384.0,389.0
1636773898.65,351.0,388.0
1636773898.953,353.0,384.0
1636773899.252,341.0,380.0
1636773899.551,331.0,375.0
1636773899.854,330.0,370.0
1636773900.153,338.0,363.0
1636773900.452,336.0,357.0
1636773900.755,327.0,351.0
1636773901.054,346.0,345.0
1636773901.353,314.0,343.0
1636773901.656,361.0,336.0
1636773901.955,324.0,337.0
1636773902.254,332.0,334.0
1636773902.553,332.0,333.0
1636773902.856,321.0,334.0
1636773903.155,356.0,333.0
1636773903.455,335.0,334.0
1636773903.757,356.0,334.0
1636773904.056,342.0,337.0
1636773904.356,354.0,337.0
1636773904.658,342.0,341.0
1636773904.958,337.0,339.0
1636773905.257,350.0,340.0
1636773905.556,335.0,342.0
1636773905.859,359.0,342.0
1636773906.158,351.0,346.0
1636773906.457,351.0,346.0
1636773906.76,343.0,347.0
1636773907.059,333.0,346.0
1636773907.358,359.0,345.0
1636773907.661,337.0,346.0
1636773907.96,346.0,345.0
1636773908.259,349.0,346.0
1636773908.562,354.0,346.0
1636773908.861,353.0,348.0
1636773909.16,355.0,347.0
1636773909.459,368.0,348.0
1636773909.762,356.0,349.0
1636773910.061,344.0,351.0
1636773910.36,381.0,352.0
1636773910.663,324.0,354.0
1636773910.962,368.0,353.0
1636773911.261,353.0,355.0
1636773911.564,352.0,355.0
1636773911.863,357.0,355.0
1636773912.162,338.0,355.0
1636773912.465,371.0,354.0
1636773912.764,350.0,354.0
1636773913.063,365.0,353.0
1636773913.362,339.0,355.0
1636773913.665,339.0,351.0
1636773913.964,353.0,353.0
1636773914.263,335.0,351.0
1636773914.566,364.0,349.0
1636773914.865,343.0,351.0
1636773915.164,356.0,349.0
1636773915.467,353.0,351.0
1636773915.766,340.0,349.0
1636773916.065,362.0,348.0
1636773916.368,345.0,348.0
1636773916.667,349.0,349.0
1636773916.967,352.0,350.0
1636773917.266,330.0,349.0
1636773917.568,356.0,349.0
1636773917.868,338.0,348.0
1636773918.166,355.0,348.0
1636773918.469,338.0,348.0
1636773918.768,339.0,346.0
1636773919.068,361.0,346.0
1636773919.371,351.0,346.0
1636773919.67,362.0,346.0
1636773919.969,347.0,348.0
1636773920.268,310.0,347.0
1636773920.571,350.0,345.0
1636773920.927,350.0,345.0
1636773921.169,351.0,346.0
1636773921.472,373.0,345.0
1636773921.771,359.0,349.0
1636773922.07,343.0,351.0
1636773922.373,348.0,349.0
1636773922.672,370.0,349.0
1636773922.971,372.0,350.0
1636773923.274,364.0,352.0
1636773923.573,402.0,358.0
1636773923.872,377.0,363.0
1636773924.171,385.0,365.0
1636773924.474,370.0,369.0
1636773924.773,360.0,369.0
1636773925.072,387.0,369.0
1636773925.375,362.0,373.0
1636773925.674,411.0,374.0
1636773925.973,387.0,379.0
1636773926.276,381.0,380.0
1636773926.575,376.0,382.0
1636773926.874,367.0,379.0
1636773927.177,386.0,378.0
1636773927.476,379.0,378.0
1636773927.775,377.0,379.0
1636773928.074,399.0,381.0
1636773928.377,378.0,382.0
1636773928.676,415.0,384.0
1636773928.976,396.0,384.0
1636773929.278,363.0,385.0
1636773929.578,393.0,383.0
1636773929.877,398.0,385.0
1636773930.18,405.0,388.0
1636773930.479,404.0,390.0
1636773930.778,394.0,392.0
1636773931.077,419.0,394.0
1636773931.38,398.0,396.0
1636773931.679,412.0,398.0
1636773931.978,400.0,398.0
1636773932.281,385.0,398.0
1636773932.58,420.0,400.0
1636773932.879,388.0,403.0
1636773933.182,415.0,402.0
1636773933.481,377.0,403.0
1636773933.78,374.0,400.0
1636773934.083,404.0,398.0
1636773934.382,372.0,397.0
1636773934.681,405.0,394.0
1636773934.98,390.0,394.0
1636773935.283,399.0,393.0
1636773935.582,391.0,394.0
1636773935.881,371.0,391.0
1636773936.184,394.0,389.0
1636773936.483,351.0,387.0
1636773936.782,378.0,385.0
1636773937.085,367.0,385.0
1636773937.384,380.0,381.0
1636773937.683,385.0,382.0
1636773937.986,369.0,380.0
1636773938.285,384.0,378.0
1636773938.584,365.0,377.0
1636773938.883,362.0,374.0
1636773939.186,339.0,373.0
1636773939.485,370.0,368.0
1636773939.784,360.0,369.0
1636773940.087,392.0,368.0
1636773940.386,366.0,370.0
1636773940.686,394.0,369.0
1636773940.988,361.0,370.0
1636773941.287,376.0,369.0
1636773941.587,359.0,368.0
1636773941.886,359.0,367.0
1636773942.189,345.0,367.0
1636773942.488,383.0,368.0
1636773942.787,337.0,369.0
1636773943.09,368.0,367.0
1636773943.389,333.0,364.0
1636773943.688,350.0,361.0
1636773943.991,348.0,357.0
1636773944.29,376.0,355.0
1636773944.589,370.0,355.0
1636773944.892,377.0,356.0
1636773945.191,364.0,358.0
1636773945.49,370.0,360.0
1636773945.789,380.0,359.0
1636773946.092,374.0,363.0
1636773946.391,379.0,364.0
1636773946.69,367.0,368.0
1636773946.993,382.0,370.0
1636773947.292,380.0,373.0
1636773947.591,366.0,374.0
1636773947.894,382.0,373.0
1636773948.193,358.0,374.0
1636773948.492,389.0,373.0
1636773948.795,365.0,375.0
1636773949.094,398.0,374.0
1636773949.393,369.0,376.0
1636773949.692,383.0,375.0
1636773949.995,389.0,377.0
1636773950.294,350.0,377.0
1636773950.593,392.0,374.0
1636773950.896,371.0,377.0
1636773951.195,397.0,376.0
1636773951.494,361.0,380.0
1636773951.797,378.0,377.0
1636773952.096,372.0,378.0
1636773952.395,359.0,376.0
1636773952.694,396.0,375.0
1636773952.997,359.0,376.0
1636773953.296,398.0,373.0
1636773953.595,379.0,378.0
1636773953.898,403.0,377.0
1636773954.198,380.0,380.0
1636773954.497,389.0,378.0
1636773954.799,389.0,381.0
1636773955.099,374.0,382.0
1636773955.398,393.0,382.0
1636773955.701,366.0,386.0
1636773956.0,400.0,383.0
1636773956.299,360.0,387.0
1636773956.598,379.0,383.0
1636773956.901,358.0,383.0
1636773957.2,383.0,378.0
1636773957.499,382.0,379.0
1636773957.802,375.0,378.0
1636773958.101,367.0,377.0
1636773958.4,382.0,376.0
1636773958.703,397.0,375.0
1636773959.002,354.0,378.0
1636773959.301,386.0,373.0
1636773959.604,381.0,376.0
1636773959.903,388.0,376.0
1636773960.202,383.0,379.0
1636773960.501,363.0,379.0
1636773960.804,388.0,377.0
1636773961.103,361.0,378.0
1636773961.402,394.0,378.0
1636773961.705,364.0,379.0
1636773962.004,379.0,376.0
1636773962.303,365.0,378.0
1636773962.606,385.0,376.0
1636773962.905,383.0,377.0
1636773963.204,361.0,376.0
1636773963.503,377.0,374.0
1636773963.806,359.0,375.0
1636773964.105,373.0,372.0
1636773964.404,360.0,374.0
1636773964.707,389.0,370.0
1636773965.006,360.0,373.0
1636773965.305,375.0,371.0
1636773965.608,314.0,372.0
1636773965.907,380.0,365.0
1636773966.206,363.0,364.0
1636773966.509,379.0,365.0
1636773966.808,367.0,365.0
1636773967.107,362.0,366.0
1636773967.407,384.0,364.0
1636773967.709,376.0,367.0
1636773968.009,392.0,366.0
1636773968.308,392.0,369.0
1636773968.611,383.0,370.0
1636773968.91,408.0,377.0
1636773969.209,373.0,380.0
1636773969.512,404.0,381.0
1636773969.811,376.0,384.0
1636773970.11,386.0,385.0
1636773970.413,364.0,387.0
1636773970.712,376.0,385.0
1636773971.011,396.0,385.0
1636773971.31,377.0,385.0
1636773971.613,399.0,384.0
1636773971.912,375.0,385.0
1636773972.211,396.0,382.0
1636773972.514,379.0,384.0
1636773972.813,379.0,382.0
1636773973.112,374.0,382.0
1636773973.415,398.0,381.0
1636773973.714,397.0,384.0
1636773974.013,389.0,387.0
1636773974.312,395.0,386.0
1636773974.615,371.0,388.0
1636773974.914,402.0,385.0
1636773975.213,383.0,388.0
1636773975.516,386.0,386.0
1636773975.815,383.0,387.0
1636773976.114,393.0,387.0
1636773976.417,395.0,389.0
1636773976.716,371.0,389.0
1636773977.015,395.0,386.0
1636773977.318,359.0,387.0
1636773977.617,401.0,383.0
1636773977.916,377.0,386.0
1636773978.215,399.0,384.0
1636773978.518,392.0,385.0
1636773978.817,368.0,386.0
1636773979.116,386.0,385.0
1636773979.419,372.0,384.0
1636773979.718,378.0,382.0
1636773980.018,373.0,382.0
1636773980.32,388.0,380.0
1636773980.62,373.0,383.0
1636773980.919,357.0,380.0
1636773981.221,389.0,378.0
1636773981.521,350.0,377.0
1636773981.82,383.0,373.0
1636773982.119,358.0,374.0
1636773982.422,393.0,372.0
1636773982.721,366.0,374.0
1636773983.02,391.0,373.0
1636773983.323,375.0,374.0
1636773983.622,382.0,373.0
1636773983.921,382.0,374.0
1636773984.224,362.0,376.0
1636773984.523,401.0,374.0
1636773984.822,363.0,379.0
1636773985.121,386.0,377.0
1636773985.424,360.0,380.0
1636773985.723,363.0,376.0
1636773986.022,362.0,376.0
1636773986.325,371.0,373.0
1636773986.624,369.0,373.0
1636773986.923,352.0,371.0
1636773987.226,387.0,368.0
1636773987.525,352.0,371.0
1636773987.824,381.0,366.0
1636773988.127,366.0,368.0
1636773988.426,381.0,366.0
1636773988.725,375.0,368.0
1636773989.024,387.0,369.0
1636773989.327,368.0,372.0
1636773989.626,390.0,371.0
1636773989.925,381.0,373.0
1636773990.228,381.0,376.0
1636773990.527,372.0,376.0
1636773990.826,356.0,378.0
1636773991.129,368.0,375.0
1636773991.428,359.0,375.0
1636773991.727,388.0,373.0
1636773992.03,372.0,375.0
1636773992.329,389.0,373.0
1636773992.628,370.0,375.0
1636773992.928,355.0,373.0
1636773993.23,389.0,371.0
1636773993.53,345.0,371.0
1636773993.829,380.0,369.0
1636773994.132,365.0,371.0
1636773994.431,385.0,371.0
1636773994.73,365.0,373.0
1636773995.033,378.0,371.0
1636773995.332,372.0,372.0
1636773995.631,376.0,370.0
1636773995.93,384.0,371.0
1636773996.233,368.0,373.0
1636773996.532,394.0,371.0
1636773996.831,352.0,376.0
1636773997.134,379.0,373.0
1636773997.433,357.0,375.0
1636773997.732,378.0,372.0
1636773998.035,383.0,373.0
1636773998.334,359.0,374.0
1636773998.633,384.0,373.0
1636773998.936,369.0,373.0
1636773999.235,367.0,372.0
1636773999.534,343.0,372.0
1636773999.833,373.0,367.0
1636774000.136,343.0,369.0
1636774000.435,376.0,365.0
1636774000.734,358.0,367.0
1636774001.037,367.0,365.0
1636774001.336,346.0,363.0
1636774001.635,360.0,362.0
1636774001.938,366.0,360.0
1636774002.237,346.0,359.0
1636774002.536,371.0,357.0
1636774002.839,370.0,360.0
1636774003.138,391.0,360.0
1636774003.437,350.0,365.0
1636774003.736,384.0,362.0
1636774004.039,357.0,365.0
1636774004.338,375.0,364.0
1636774004.637,378.0,367.0
1636774004.94,375.0,368.0
1636774005.239,374.0,369.0
1636774005.538,358.0,372.0
1636774005.841,404.0,371.0
1636774006.14,373.0,374.0
1636774006.44,400.0,372.0
1636774006.739,383.0,377.0
1636774007.042,385.0,377.0
1636774007.341,373.0,380.0
1636774007.64,371.0,380.0
1636774007.943,378.0,379.0
1636774008.242,359.0,379.0
1636774008.541,392.0,378.0
1636774008.844,353.0,381.0
1636774009.143,387.0,376.0
1636774009.442,377.0,378.0
1636774009.745,379.0,375.0
1636774010.044,363.0,375.0
1636774010.343,354.0,373.0
1636774010.642,362.0,371.0
1636774010.945,365.0,370.0
1636774011.244,379.0,369.0
1636774011.543,354.0,371.0
1636774011.846,388.0,367.0
1636774012.145,343.0,370.0
1636774012.444,391.0,366.0
1636774012.747,349.0,367.0
1636774013.046,384.0,364.0
1636774013.345,344.0,366.0
1636774013.648,361.0,365.0
1636774013.947,360.0,365.0
1636774014.246,357.0,365.0
1636774014.545,358.0,363.0
1636774014.848,356.0,363.0
1636774015.147,367.0,360.0
1636774015.446,347.0,362.0
1636774015.749,386.0,358.0
1636774016.048,348.0,362.0
1636774016.347,383.0,358.0
1636774016.65,366.0,362.0
1636774016.949,380.0,362.0
1636774017.248,361.0,364.0
1636774017.547,375.0,365.0
1636774017.85,377.0,366.0
1636774018.15,358.0,369.0
1636774018.449,381.0,368.0
1636774018.751,357.0,371.0
1636774019.051,396.0,368.0
1636774019.35,369.0,373.0
1636774019.653,378.0,372.0
1636774019.952,372.0,373.0
1636774020.251,393.0,372.0
1636774020.554,383.0,375.0
1636774020.853,365.0,376.0
1636774021.152,392.0,375.0
1636774021.451,366.0,378.0
1636774021.754,372.0,377.0
1636774022.053,379.0,378.0
1636774022.352,384.0,376.0
1636774022.655,375.0,378.0
1636774022.954,380.0,378.0
1636774023.253,370.0,378.0
1636774023.556,366.0,376.0
1636774023.855,371.0,374.0
1636774024.154,349.0,375.0
1636774024.457,373.0,371.0
1636774024.756,354.0,371.0
1636774025.055,380.0,370.0
1636774025.354,359.0,370.0
1636774025.657,374.0,367.0
1636774025.956,373.0,367.0
1636774026.255,370.0,366.0
1636774026.558,379.0,366.0
1636774026.857,361.0,368.0
1636774027.156,379.0,367.0
1636774027.459,353.0,370.0
1636774027.758,386.0,368.0
1636774028.057,347.0,371.0
1636774028.356,367.0,368.0
1636774028.659,379.0,368.0
1636774028.958,376.0,369.0
1636774029.257,373.0,369.0
1636774029.56,365.0,370.0
1636774029.859,389.0,368.0
1636774030.158,361.0,371.0
1636774030.461,392.0,369.0
1636774030.76,359.0,373.0
1636774031.06,373.0,370.0
1636774031.362,367.0,373.0
1636774031.662,369.0,373.0
1636774031.961,360.0,372.0
1636774032.26,365.0,370.0
1636774032.563,369.0,370.0
1636774032.862,363.0,370.0
1636774033.161,400.0,367.0
1636774033.464,361.0,371.0
1636774033.763,388.0,368.0
1636774034.062,358.0,371.0
1636774034.365,380.0,370.0
1636774034.664,363.0,371.0
1636774034.963,367.0,370.0
1636774035.266,352.0,371.0
1636774035.565,346.0,370.0
1636774035.864,365.0,367.0
1636774036.163,331.0,368.0
1636774036.466,373.0,361.0
1636774036.765,353.0,362.0
1636774037.064,374.0,358.0
1636774037.367,367.0,360.0
1636774037.666,384.0,359.0
1636774037.965,368.0,361.0
1636774038.268,360.0,361.0
1636774038.567,380.0,362.0
1636774038.866,376.0,365.0
1636774039.165,386.0,366.0
1636774039.468,379.0,372.0
1636774039.767,407.0,372.0
1636774040.066,373.0,378.0
1636774040.369,379.0,378.0
1636774040.668,381.0,379.0
1636774040.967,363.0,378.0
1636774041.27,377.0,378.0
1636774041.569,372.0,380.0
1636774041.868,371.0,379.0
1636774042.171,344.0,378.0
1636774042.47,376.0,374.0
1636774042.769,346.0,374.0
1636774043.068,375.0,368.0
1636774043.371,375.0,368.0
1636774043.671,377.0,368.0
1636774043.97,378.0,367.0
1636774044.272,373.0,369.0
1636774044.572,371.0,368.0
1636774044.871,361.0,368.0
1636774045.174,394.0,367.0
1636774045.473,350.0,372.0
1636774045.772,398.0,370.0
1636774046.075,384.0,375.0
1636774046.374,380.0,376.0
1636774046.673,376.0,376.0
1636774046.972,360.0,376.0
1636774047.275,380.0,374.0
1636774047.574,364.0,375.0
1636774047.873,388.0,374.0
1636774048.176,356.0,377.0
1636774048.475,383.0,373.0
1636774048.774,364.0,376.0
1636774049.077,360.0,373.0
1636774049.376,372.0,371.0
1636774049.675,354.0,370.0
1636774049.974,369.0,368.0
1636774050.277,342.0,369.0
1636774050.576,390.0,365.0
1636774050.875,374.0,367.0
1636774051.178,406.0,366.0
1636774051.477,358.0,371.0
1636774051.776,368.0,368.0
1636774052.079,368.0,369.0
1636774052.378,367.0,370.0
1636774052.677,395.0,369.0
1636774052.98,364.0,373.0
1636774053.279,392.0,373.0
1636774053.578,377.0,378.0
1636774053.877,388.0,376.0
1636774054.18,380.0,378.0
1636774054.479,371.0,375.0
1636774054.778,387.0,377.0
1636774055.081,372.0,378.0
1636774055.38,385.0,379.0
1636774055.68,362.0,381.0
1636774055.982,373.0,377.0
1636774056.281,361.0,378.0
1636774056.581,356.0,375.0
1636774056.883,394.0,373.0
1636774057.183,361.0,374.0
1636774057.482,391.0,372.0
1636774057.781,381.0,374.0
1636774058.084,403.0,373.0
1636774058.383,384.0,376.0
1636774058.682,358.0,376.0
1636774058.985,384.0,376.0
1636774059.284,368.0,377.0
1636774059.583,394.0,378.0
1636774059.886,370.0,381.0
1636774060.185,393.0,379.0
1636774060.484,368.0,382.0
1636774060.783,371.0,380.0
1636774061.086,392.0,379.0
1636774061.385,375.0,378.0
1636774061.684,409.0,377.0
1636774061.987,382.0,382.0
1636774062.286,381.0,382.0
1636774062.585,357.0,383.0
1636774062.888,362.0,379.0
1636774063.187,360.0,379.0
1636774063.486,334.0,375.0
1636774063.789,370.0,372.0
1636774064.088,347.0,372.0
1636774064.387,390.0,367.0
1636774064.686,346.0,369.0
1636774064.989,369.0,362.0
1636774065.288,356.0,361.0
1636774065.587,380.0,359.0
1636774065.89,370.0,361.0
1636774066.189,369.0,362.0
1636774066.488,371.0,363.0
1636774066.791,357.0,366.0
1636774067.09,377.0,365.0
1636774067.389,354.0,368.0
1636774067.692,381.0,364.0
1636774067.991,357.0,368.0
1636774068.29,368.0,367.0
1636774068.589,365.0,368.0
1636774068.892,371.0,366.0
1636774069.192,358.0,367.0
1636774069.491,352.0,365.0
1636774069.793,369.0,364.0
1636774070.093,338.0,365.0
1636774070.392,377.0,361.0
1636774070.695,360.0,363.0
1636774070.994,382.0,361.0
1636774071.293,365.0,364.0
1636774071.592,392.0,363.0
1636774071.895,373.0,366.0
1636774072.194,374.0,366.0
1636774072.493,376.0,368.0
1636774072.796,363.0,370.0
1636774073.095,399.0,370.0
1636774073.394,375.0,376.0
1636774073.697,366.0,375.0
1636774073.996,379.0,376.0
1636774074.295,373.0,376.0
1636774074.598,383.0,377.0
1636774074.897,329.0,376.0
1636774075.196,382.0,371.0
1636774075.495,368.0,372.0
1636774075.798,391.0,371.0
1636774076.097,355.0,374.0
1636774076.396,354.0,370.0
1636774076.699,382.0,368.0
1636774076.998,365.0,369.0
1636774077.297,385.0,368.0
1636774077.6,357.0,369.0
1636774077.899,394.0,366.0
1636774078.198,366.0,373.0
1636774078.501,367.0,371.0
1636774078.8,365.0,371.0
1636774079.099,379.0,369.0
1636774079.398,365.0,371.0
1636774079.701,365.0,372.0
1636774080.0,373.0,370.0
1636774080.299,354.0,371.0
1636774080.602,388.0,368.0
1636774080.901,365.0,371.0
1636774081.2,402.0,368.0
1636774081.503,378.0,372.0
1636774081.802,383.0,373.0
1636774082.102,375.0,375.0
1636774082.401,356.0,374.0
1636774082.704,375.0,373.0
1636774083.003,347.0,374.0
1636774083.302,389.0,372.0
1636774083.605,373.0,375.0
1636774083.904,376.0,374.0
1636774084.203,383.0,375.0
1636774084.506,357.0,373.0
1636774084.805,381.0,371.0
1636774085.104,350.0,371.0
1636774085.407,396.0,368.0
1636774085.706,372.0,372.0
1636774086.005,389.0,372.0
1636774086.304,386.0,376.0
1636774086.607,377.0,376.0
1636774086.906,378.0,376.0
1636774087.205,362.0,376.0
1636774087.508,371.0,374.0
1636774087.807,348.0,376.0
1636774088.106,385.0,372.0
1636774088.409,369.0,376.0
1636774088.708,380.0,373.0
1636774089.007,364.0,374.0
1636774089.31,354.0,372.0
1636774089.609,371.0,368.0
1636774089.908,359.0,368.0
1636774090.207,380.0,366.0
1636774090.51,351.0,368.0
1636774090.809,393.0,366.0
1636774091.108,363.0,370.0
1636774091.411,372.0,368.0
1636774091.71,349.0,368.0
1636774092.009,362.0,365.0
1636774092.312,379.0,365.0
1636774092.611,359.0,367.0
1636774092.91,373.0,366.0
1636774093.209,347.0,368.0
1636774093.512,393.0,364.0
1636774093.811,376.0,369.0
1636774094.11,379.0,367.0
1636774094.413,378.0,368.0
1636774094.712,365.0,369.0
1636774095.011,384.0,371.0
1636774095.314,354.0,373.0
1636774095.614,392.0,370.0
1636774095.913,355.0,374.0
1636774096.216,376.0,372.0
1636774096.515,363.0,375.0
1636774096.814,379.0,372.0
1636774097.113,368.0,372.0
1636774097.416,360.0,371.0
1636774097.715,377.0,369.0
1636774098.014,365.0,370.0
1636774098.317,399.0,368.0
1636774098.616,369.0,373.0
1636774098.915,403.0,371.0
1636774099.218,380.0,375.0
1636774099.517,398.0,376.0
1636774099.816,375.0,379.0
1636774100.119,365.0,379.0
1636774100.418,379.0,379.0
1636774100.717,369.0,381.0
1636774101.016,384.0,380.0
1636774101.319,366.0,382.0
1636774101.618,399.0,378.0
1636774101.917,361.0,381.0
1636774102.22,392.0,377.0
1636774102.519,376.0,378.0
1636774102.818,384.0,376.0
1636774103.121,363.0,377.0
1636774103.42,363.0,377.0
1636774103.719,357.0,375.0
1636774104.018,345.0,374.0
1636774104.321,365.0,370.0
1636774104.62,359.0,370.0
1636774104.919,375.0,366.0
1636774105.222,356.0,367.0
1636774105.521,376.0,364.0
1636774105.82,364.0,364.0
1636774106.123,370.0,362.0
1636774106.422,373.0,363.0
1636774106.721,364.0,364.0
1636774107.024,388.0,364.0
1636774107.323,366.0,369.0
1636774107.623,378.0,369.0
1636774107.922,355.0,371.0
1636774108.224,368.0,369.0
1636774108.524,373.0,370.0
1636774108.823,385.0,369.0
1636774109.126,368.0,372.0
1636774109.425,379.0,371.0
1636774109.724,383.0,372.0
1636774110.027,355.0,374.0
1636774110.326,382.0,371.0
1636774110.625,338.0,372.0
1636774110.924,370.0,368.0
1636774111.227,354.0,370.0
1636774111.526,358.0,368.0
1636774111.825,356.0,367.0
1636774112.128,374.0,364.0
1636774112.427,361.0,364.0
1636774112.726,359.0,363.0
1636774113.029,381.0,360.0
1636774113.328,339.0,363.0
1636774113.627,377.0,359.0
1636774113.93,347.0,362.0
1636774114.229,366.0,360.0
1636774114.528,376.0,361.0
1636774114.827,369.0,363.0
1636774115.13,375.0,364.0
1636774115.429,370.0,365.0
1636774115.728,380.0,365.0
1636774116.031,360.0,368.0
1636774116.33,375.0,365.0
1636774116.629,371.0,369.0
1636774116.932,381.0,368.0
1636774117.231,379.0,372.0
1636774117.53,366.0,373.0
1636774117.833,373.0,372.0
1636774118.132,363.0,373.0
1636774118.431,372.0,371.0
1636774118.73,349.0,372.0
1636774119.033,377.0,368.0
1636774119.332,338.0,370.0
1636774119.632,364.0,366.0
1636774119.934,365.0,366.0
1636774120.233,375.0,364.0
1636774120.533,370.0,364.0
1636774120.835,367.0,364.0
1636774121.134,379.0,364.0
1636774121.434,374.0,365.0
1636774121.733,387.0,365.0
1636774122.036,370.0,369.0
1636774122.335,384.0,368.0
1636774122.634,388.0,373.0
1636774122.937,369.0,375.0
1636774123.236,385.0,376.0
1636774123.535,363.0,377.0
1636774123.838,394.0,376.0
1636774124.137,353.0,379.0
1636774124.436,379.0,376.0
1636774124.739,366.0,377.0
1636774125.038,380.0,375.0
1636774125.337,369.0,376.0
1636774125.636,362.0,374.0
1636774125.939,377.0,372.0
1636774126.238,360.0,372.0
1636774126.537,382.0,370.0
1636774126.84,352.0,372.0
1636774127.139,375.0,368.0
1636774127.438,371.0,370.0
1636774127.741,374.0,369.0
1636774128.04,371.0,370.0
1636774128.339,367.0,369.0
1636774128.642,384.0,369.0
1636774128.941,342.0,371.0
1636774129.24,385.0,367.0
1636774129.539,355.0,370.0
1636774129.842,388.0,367.0
1636774130.141,359.0,371.0
1636774130.44,365.0,369.0
1636774130.743,366.0,369.0
1636774131.042,355.0,368.0
1636774131.341,396.0,366.0
1636774131.644,372.0,369.0
1636774131.943,373.0,368.0
1636774132.242,378.0,371.0
1636774132.545,349.0,370.0
1636774132.844,374.0,370.0
1636774133.144,347.0,368.0
1636774133.443,386.0,367.0
1636774133.745,376.0,369.0
1636774134.045,372.0,370.0
1636774134.344,378.0,372.0
1636774134.647,354.0,370.0
1636774134.946,380.0,368.0
1636774135.245,363.0,369.0
1636774135.548,377.0,367.0
1636774135.847,383.0,370.0
1636774136.146,383.0,371.0
1636774136.445,392.0,375.0
1636774136.748,359.0,375.0
1636774137.047,379.0,374.0
1636774137.346,374.0,374.0
1636774137.649,400.0,374.0
1636774137.948,384.0,379.0
1636774138.247,382.0,379.0
1636774138.55,392.0,381.0
1636774138.849,358.0,382.0
1636774139.148,386.0,380.0
1636774139.451,370.0,380.0
1636774139.75,383.0,378.0
1636774140.049,372.0,380.0
1636774140.348,373.0,380.0
1636774140.651,368.0,380.0
1636774140.95,357.0,376.0
1636774141.249,383.0,374.0
1636774141.552,350.0,374.0
1636774141.851,385.0,370.0
1636774142.15,365.0,372.0
1636774142.453,378.0,370.0
1636774142.752,373.0,371.0
1636774143.051,364.0,370.0
1636774143.35,353.0,369.0
1636774143.653,366.0,367.0
1636774143.952,368.0,367.0
1636774144.251,342.0,368.0
1636774144.554,372.0,364.0
1636774144.853,352.0,366.0
1636774145.153,362.0,363.0
1636774145.455,339.0,363.0
1636774145.754,375.0,359.0
1636774146.054,380.0,359.0
1636774146.356,367.0,360.0
1636774146.656,367.0,362.0
1636774146.955,348.0,362.0
1636774147.254,357.0,360.0
1636774147.557,339.0,361.0
1636774147.856,389.0,358.0
1636774148.155,354.0,362.0
1636774148.458,383.0,361.0
1636774148.757,372.0,365.0
1636774149.056,392.0,365.0
1636774149.359,378.0,366.0
1636774149.658,370.0,367.0
1636774149.957,375.0,368.0
1636774150.26,369.0,370.0
1636774150.559,398.0,372.0
1636774150.858,380.0,378.0
1636774151.157,393.0,377.0
1636774151.46,408.0,381.0
1636774151.759,403.0,383.0
1636774152.058,395.0,386.0
1636774152.361,405.0,386.0
1636774152.66,426.0,389.0
1636774152.959,412.0,395.0
1636774153.262,414.0,398.0
1636774153.561,418.0,403.0
1636774153.86,424.0,405.0
1636774154.159,425.0,409.0
1636774154.462,423.0,413.0
1636774154.761,422.0,414.0
1636774155.06,423.0,416.0
1636774155.363,413.0,419.0
1636774155.662,397.0,420.0
1636774155.961,425.0,417.0
1636774156.264,404.0,418.0
1636774156.563,397.0,417.0
1636774156.862,398.0,415.0
1636774157.165,374.0,412.0
1636774157.464,399.0,407.0
1636774157.763,376.0,405.0
1636774158.063,395.0,400.0
1636774158.365,374.0,397.0
1636774158.664,363.0,393.0
1636774158.964,380.0,390.0
1636774159.267,343.0,386.0
1636774159.566,383.0,379.0
1636774159.865,373.0,378.0
1636774160.168,386.0,376.0
1636774160.467,382.0,377.0
1636774160.766,357.0,375.0
1636774161.069,397.0,373.0
1636774161.368,361.0,373.0
1636774161.667,390.0,372.0
1636774161.966,361.0,375.0
1636774162.269,387.0,373.0
1636774162.568,362.0,377.0
1636774162.867,368.0,375.0
1636774163.17,373.0,375.0
1636774163.469,337.0,373.0
1636774163.768,385.0,369.0
1636774164.071,366.0,372.0
1636774164.37,376.0,369.0
1636774164.669,363.0,370.0
1636774164.968,355.0,367.0
1636774165.271,380.0,367.0
1636774165.57,336.0,366.0
1636774165.869,387.0,363.0
1636774166.172,365.0,365.0
1636774166.471,383.0,365.0
1636774166.77,359.0,369.0
1636774167.073,351.0,367.0
1636774167.372,368.0,365.0
1636774167.671,354.0,364.0
1636774167.974,388.0,363.0
1636774168.273,341.0,367.0
1636774168.572,380.0,363.0
1636774168.871,358.0,367.0
1636774169.174,374.0,364.0
1636774169.473,364.0,365.0
1636774169.772,346.0,363.0
1636774170.075,352.0,362.0
1636774170.374,356.0,362.0
1636774170.674,387.0,361.0
1636774170.976,347.0,364.0
1636774171.276,360.0,360.0
1636774171.575,365.0,362.0
1636774171.878,361.0,360.0
1636774172.177,374.0,361.0
1636774172.476,368.0,361.0
1636774172.775,394.0,361.0
1636774173.078,346.0,366.0
1636774173.377,396.0,365.0
1636774173.676,372.0,369.0
1636774173.979,381.0,368.0
1636774174.278,379.0,371.0
1636774174.577,362.0,373.0
1636774174.88,379.0,373.0
1636774175.179,364.0,375.0
1636774175.478,400.0,374.0
1636774175.777,367.0,377.0
1636774176.08,374.0,374.0
1636774176.379,369.0,377.0
1636774176.678,357.0,374.0
1636774176.981,378.0,373.0
1636774177.28,337.0,372.0
1636774177.579,377.0,368.0
1636774177.882,344.0,370.0
1636774178.181,375.0,366.0
1636774178.48,375.0,367.0
1636774178.783,371.0,365.0
1636774179.082,375.0,365.0
1636774179.381,385.0,365.0
1636774179.68,375.0,367.0
1636774179.983,352.0,369.0
1636774180.282,373.0,366.0
1636774180.581,364.0,370.0
1636774180.884,385.0,368.0
1636774181.183,367.0,373.0
1636774181.482,386.0,372.0
1636774181.785,396.0,373.0
1636774182.084,393.0,375.0
1636774182.383,389.0,377.0
1636774182.686,387.0,378.0
1636774182.985,360.0,379.0
1636774183.284,397.0,380.0
1636774183.584,386.0,382.0
1636774183.886,379.0,384.0
1636774184.186,400.0,384.0
1636774184.485,388.0,387.0
1636774184.788,396.0,387.0
1636774185.087,384.0,387.0
1636774185.386,367.0,386.0
1636774185.689,415.0,384.0
1636774185.988,366.0,387.0
1636774186.287,380.0,387.0
1636774186.586,360.0,386.0
1636774186.889,368.0,383.0
1636774187.188,354.0,382.0
1636774187.487,335.0,377.0
1636774187.79,359.0,372.0
1636774188.089,359.0,368.0
1636774188.388,384.0,366.0
1636774188.691,345.0,368.0
1636774188.99,378.0,361.0
1636774189.289,349.0,362.0
1636774189.592,370.0,359.0
1636774189.891,353.0,360.0
1636774190.19,367.0,358.0
1636774190.489,347.0,359.0
1636774190.792,368.0,361.0
1636774191.091,370.0,362.0
1636774191.39,341.0,363.0
1636774191.693,364.0,358.0
1636774191.992,361.0,360.0
1636774192.291,370.0,359.0
1636774192.594,382.0,361.0
1636774192.893,359.0,362.0
1636774193.192,389.0,362.0
1636774193.495,387.0,365.0
1636774193.794,373.0,369.0
1636774194.093,400.0,369.0
1636774194.392,395.0,372.0
1636774194.695,379.0,378.0
1636774194.994,398.0,379.0
1636774195.293,402.0,383.0
1636774195.596,399.0,386.0
1636774195.895,408.0,388.0
1636774196.195,400.0,393.0
1636774196.497,392.0,394.0
1636774196.796,419.0,394.0
1636774197.096,412.0,399.0
1636774197.395,399.0,400.0
1636774197.698,409.0,400.0
1636774197.997,395.0,403.0
1636774198.296,383.0,403.0
1636774198.599,396.0,401.0
1636774198.898,380.0,401.0
1636774199.197,391.0,398.0
1636774199.5,398.0,397.0
1636774199.799,362.0,398.0
1636774200.098,382.0,392.0
1636774200.401,362.0,389.0
1636774200.7,391.0,385.0
1636774200.999,387.0,384.0
1636774201.298,366.0,383.0
1636774201.601,407.0,381.0
1636774201.9,376.0,382.0
1636774202.199,397.0,382.0
1636774202.502,392.0,382.0
1636774202.801,368.0,382.0
1636774203.1,398.0,382.0
1636774203.403,385.0,384.0
1636774203.702,369.0,386.0
1636774204.001,394.0,384.0
1636774204.304,374.0,385.0
1636774204.603,398.0,386.0
1636774204.902,382.0,385.0
1636774205.201,361.0,385.0
1636774205.504,404.0,382.0
1636774205.803,366.0,383.0
1636774206.102,379.0,383.0
1636774206.405,376.0,381.0
1636774206.704,370.0,380.0
1636774207.003,389.0,380.0
1636774207.306,372.0,379.0
1636774207.605,385.0,379.0
1636774207.904,371.0,378.0
1636774208.204,352.0,377.0
1636774208.506,382.0,376.0
1636774208.805,376.0,374.0
1636774209.105,379.0,375.0
1636774209.407,387.0,375.0
1636774209.707,370.0,376.0
1636774210.006,374.0,376.0
1636774210.308,388.0,374.0
1636774210.608,364.0,376.0
1636774210.907,393.0,374.0
1636774211.21,399.0,376.0
1636774211.509,405.0,381.0
1636774211.808,407.0,383.0
1636774212.107,399.0,386.0
1636774212.41,408.0,388.0
1636774212.709,420.0,390.0
1636774213.008,389.0,395.0
1636774213.311,415.0,397.0
1636774213.61,405.0,399.0
1636774213.909,389.0,404.0
1636774214.212,395.0,403.0
1636774214.511,414.0,403.0
1636774214.81,406.0,404.0
1636774215.113,394.0,404.0
1636774215.412,413.0,403.0
1636774215.711,409.0,404.0
1636774216.01,420.0,402.0
1636774216.313,415.0,406.0
1636774216.612,402.0,406.0
1636774216.911,412.0,405.0
1636774217.214,422.0,408.0
1636774217.513,413.0,410.0
1636774217.812,400.0,410.0
1636774218.115,408.0,410.0
1636774218.414,416.0,411.0
1636774218.713,382.0,411.0
1636774219.012,405.0,409.0
1636774219.315,389.0,407.0
1636774219.614,384.0,404.0
1636774219.913,410.0,403.0
1636774220.216,395.0,402.0
1636774220.515,370.0,400.0
1636774220.814,402.0,395.0
1636774221.117,381.0,396.0
1636774221.416,395.0,393.0
1636774221.715,387.0,391.0
1636774222.018,377.0,391.0
1636774222.317,399.0,389.0
1636774222.617,392.0,390.0
1636774222.916,377.0,390.0
1636774223.219,402.0,387.0
1636774223.518,379.0,388.0
1636774223.817,385.0,389.0
1636774224.12,381.0,387.0
1636774224.419,360.0,387.0
1636774224.718,380.0,383.0
1636774225.021,370.0,383.0
1636774225.32,374.0,382.0
1636774225.619,381.0,380.0
1636774225.922,376.0,378.0
1636774226.221,392.0,378.0
1636774226.52,381.0,377.0
1636774226.819,346.0,378.0
1636774227.122,379.0,374.0
1636774227.421,349.0,373.0
1636774227.72,372.0,372.0
1636774228.023,377.0,372.0
1636774228.322,360.0,372.0
1636774228.621,391.0,371.0
1636774228.924,363.0,372.0
1636774229.223,374.0,371.0
1636774229.522,375.0,369.0
1636774229.821,368.0,368.0
1636774230.124,393.0,370.0
1636774230.423,380.0,372.0
1636774230.722,401.0,375.0
1636774231.025,387.0,378.0
1636774231.324,363.0,379.0
1636774231.623,395.0,379.0
1636774231.926,356.0,379.0
1636774232.225,375.0,379.0
1636774232.524,379.0,379.0
1636774232.827,371.0,379.0
1636774233.126,374.0,380.0
1636774233.425,344.0,378.0
1636774233.724,384.0,374.0
1636774234.027,383.0,372.0
1636774234.326,375.0,372.0
1636774234.625,388.0,373.0
1636774234.928,372.0,372.0
1636774235.227,392.0,374.0
1636774235.527,392.0,376.0
1636774235.829,385.0,377.0
1636774236.129,382.0,378.0
1636774236.428,351.0,379.0
1636774236.731,368.0,380.0
1636774237.03,359.0,378.0
1636774237.329,380.0,376.0
1636774237.628,377.0,376.0
1636774237.931,371.0,375.0
1636774238.23,392.0,375.0
1636774238.529,369.0,375.0
1636774238.832,385.0,373.0
1636774239.131,369.0,373.0
1636774239.43,375.0,372.0
1636774239.733,375.0,374.0
1636774240.032,356.0,375.0
1636774240.331,387.0,374.0
1636774240.63,356.0,375.0
1636774240.933,384.0,373.0
1636774241.232,357.0,374.0
1636774241.531,360.0,371.0
1636774241.834,364.0,370.0
1636774242.133,348.0,368.0
1636774242.432,386.0,366.0
1636774242.735,372.0,367.0
1636774243.034,371.0,367.0
1636774243.333,374.0,368.0
1636774243.636,338.0,367.0
1636774243.935,379.0,365.0
1636774244.234,360.0,364.0
1636774244.533,368.0,365.0
1636774244.836,369.0,366.0
1636774245.135,354.0,366.0
1636774245.434,384.0,367.0
1636774245.737,374.0,366.0
1636774246.036,374.0,367.0
1636774246.335,357.0,367.0
1636774246.638,368.0,365.0
1636774246.937,383.0,368.0
1636774247.236,360.0,369.0
1636774247.539,387.0,369.0
1636774247.838,362.0,371.0
1636774248.138,382.0,370.0
1636774248.437,358.0,373.0
1636774248.739,366.0,370.0
1636774249.039,388.0,369.0
1636774249.338,369.0,371.0
1636774249.641,365.0,372.0
1636774249.94,365.0,372.0
1636774250.239,351.0,370.0
1636774250.542,371.0,369.0
1636774250.841,344.0,367.0
1636774251.14,374.0,365.0
1636774251.439,369.0,365.0
1636774251.742,370.0,366.0
1636774252.041,364.0,366.0
1636774252.34,350.0,364.0
1636774252.643,383.0,362.0
1636774252.942,341.0,364.0
1636774253.241,366.0,361.0
1636774253.544,355.0,363.0
1636774253.843,341.0,361.0
1636774254.147,372.0,361.0
1636774254.445,363.0,361.0
1636774254.744,361.0,360.0
1636774255.043,381.0,359.0
1636774255.342,369.0,361.0
1636774255.645,374.0,363.0
1636774255.944,370.0,362.0
1636774256.243,397.0,365.0
1636774256.546,392.0,368.0
1636774256.845,367.0,372.0
1636774257.144,401.0,374.0
1636774257.447,378.0,377.0
1636774257.746,394.0,379.0
1636774258.045,368.0,382.0
1636774258.348,360.0,381.0
1636774258.647,377.0,380.0
1636774258.946,361.0,380.0
1636774259.246,393.0,379.0
1636774259.548,375.0,379.0
1636774259.847,361.0,377.0
1636774260.147,381.0,376.0
1636774260.449,348.0,374.0
1636774260.749,387.0,371.0
1636774261.048,371.0,371.0
1636774261.351,376.0,371.0
1636774261.65,370.0,373.0
1636774261.949,353.0,372.0
1636774262.248,375.0,371.0
1636774262.551,341.0,369.0
1636774262.85,364.0,366.0
1636774263.149,367.0,366.0
1636774263.452,368.0,365.0
1636774263.751,383.0,367.0
1636774264.05,360.0,366.0
1636774264.353,384.0,365.0
1636774264.652,373.0,366.0
1636774264.951,376.0,366.0
1636774265.254,379.0,369.0
1636774265.553,343.0,369.0
1636774265.852,383.0,369.0
1636774266.151,366.0,371.0
1636774266.454,341.0,371.0
1636774266.753,371.0,368.0
1636774267.052,361.0,367.0
1636774267.355,386.0,367.0
1636774267.654,364.0,367.0
1636774267.953,370.0,367.0
1636774268.256,375.0,366.0
1636774268.555,367.0,366.0
1636774268.854,395.0,368.0
1636774269.157,367.0,369.0
1636774269.456,377.0,369.0
1636774269.755,386.0,373.0
1636774270.054,358.0,374.0
1636774270.357,381.0,374.0
1636774270.656,359.0,374.0
1636774270.955,399.0,373.0
1636774271.258,360.0,376.0
1636774271.557,368.0,374.0
1636774271.856,377.0,375.0
1636774272.159,346.0,373.0
1636774272.458,386.0,371.0
1636774272.757,357.0,372.0
1636774273.06,383.0,369.0
1636774273.359,371.0,371.0
1636774273.659,371.0,370.0
1636774273.958,387.0,371.0
1636774274.26,364.0,370.0
1636774274.56,375.0,371.0
1636774274.859,368.0,371.0
1636774275.162,337.0,370.0
1636774275.461,378.0,369.0
1636774275.76,371.0,369.0
1636774276.063,410.0,370.0
1636774276.362,374.0,373.0
1636774276.661,370.0,373.0
1636774276.96,377.0,373.0
1636774277.263,369.0,372.0
1636774277.562,386.0,372.0
1636774277.861,373.0,374.0
1636774278.164,364.0,374.0
1636774278.463,397.0,377.0
1636774278.762,369.0,379.0
1636774279.065,403.0,378.0
1636774279.364,373.0,378.0
1636774279.663,367.0,378.0
1636774279.966,376.0,377.0
1636774280.265,352.0,377.0
1636774280.564,384.0,376.0
1636774280.863,353.0,375.0
1636774281.166,361.0,373.0
1636774281.465,373.0,373.0
1636774281.764,353.0,371.0
1636774282.067,383.0,369.0
1636774282.366,356.0,367.0
1636774282.665,375.0,365.0
1636774282.968,368.0,366.0
1636774283.267,352.0,365.0
1636774283.566,381.0,365.0
1636774283.869,359.0,365.0
1636774284.168,369.0,366.0
1636774284.467,374.0,366.0
1636774284.766,365.0,367.0
1636774285.069,394.0,368.0
1636774285.368,370.0,369.0
1636774285.668,385.0,370.0
1636774285.97,371.0,371.0
1636774286.27,366.0,372.0
1636774286.569,395.0,373.0
1636774286.871,363.0,374.0
1636774287.171,384.0,375.0
1636774287.47,371.0,376.0
1636774287.769,357.0,376.0
1636774288.072,370.0,375.0
1636774288.371,353.0,373.0
1636774288.67,378.0,371.0
1636774288.973,369.0,370.0
1636774289.272,378.0,370.0
1636774289.571,371.0,371.0
1636774289.874,365.0,369.0
1636774290.173,375.0,369.0
1636774290.472,355.0,368.0
1636774290.775,374.0,367.0
1636774291.074,369.0,368.0
1636774291.373,351.0,368.0
1636774291.672,376.0,368.0
1636774291.975,363.0,368.0
1636774292.274,367.0,367.0
1636774292.573,373.0,366.0
1636774292.876,345.0,366.0
1636774293.175,378.0,364.0
1636774293.474,363.0,365.0
1636774293.777,388.0,365.0
1636774294.076,386.0,367.0
1636774294.375,367.0,369.0
1636774294.678,379.0,370.0
1636774294.977,353.0,370.0
1636774295.276,365.0,369.0
1636774295.575,377.0,369.0
1636774295.878,385.0,370.0
1636774296.177,377.0,374.0
1636774296.476,366.0,374.0
1636774296.779,381.0,374.0
1636774297.078,368.0,373.0
1636774297.377,362.0,371.0
1636774297.68,386.0,371.0
1636774297.979,371.0,372.0
1636774298.278,386.0,373.0
1636774298.578,359.0,375.0
1636774298.88,376.0,374.0
1636774299.18,361.0,373.0
1636774299.479,369.0,371.0
1636774299.782,386.0,371.0
1636774300.081,362.0,372.0
1636774300.38,377.0,371.0
1636774300.683,376.0,373.0
1636774300.982,348.0,372.0
1636774301.281,376.0,370.0
1636774301.584,367.0,369.0
1636774301.883,379.0,369.0
1636774302.182,368.0,370.0
1636774302.481,354.0,370.0
1636774302.784,360.0,369.0
1636774303.083,347.0,366.0
1636774303.382,374.0,365.0
1636774303.685,372.0,364.0
1636774303.984,359.0,364.0
1636774304.283,381.0,365.0
1636774304.586,337.0,366.0
1636774304.885,388.0,363.0
1636774305.184,350.0,364.0
1636774305.487,360.0,362.0
1636774305.786,354.0,362.0
1636774306.085,349.0,362.0
1636774306.384,373.0,362.0
1636774306.687,349.0,362.0
1636774306.986,376.0,360.0
1636774307.285,369.0,361.0
1636774307.588,360.0,360.0
1636774307.887,373.0,362.0
1636774308.186,341.0,361.0
1636774308.489,380.0,360.0
1636774308.788,359.0,362.0
1636774309.087,359.0,362.0
1636774309.386,365.0,363.0
1636774309.689,354.0,363.0
1636774309.988,374.0,363.0
1636774310.287,358.0,363.0
1636774310.59,386.0,362.0
1636774310.889,363.0,364.0
1636774311.189,329.0,363.0
1636774311.491,363.0,362.0
1636774311.791,315.0,361.0
1636774312.09,374.0,356.0
1636774312.393,343.0,358.0
1636774312.692,351.0,355.0
1636774312.991,330.0,355.0
1636774313.29,352.0,351.0
1636774313.593,374.0,350.0
1636774313.892,361.0,349.0
1636774314.191,370.0,349.0
1636774314.494,363.0,353.0
1636774314.793,344.0,353.0
1636774315.092,344.0,356.0
1636774315.395,324.0,353.0
1636774315.694,359.0,351.0
1636774315.993,352.0,352.0
1636774316.296,321.0,354.0
1636774316.595,331.0,351.0
1636774316.894,327.0,346.0
1636774317.193,346.0,343.0
1636774317.496,285.0,341.0
1636774317.795,304.0,333.0
1636774318.094,275.0,329.0
1636774318.397,297.0,322.0
1636774318.696,253.0,319.0
1636774318.995,264.0,309.0
1636774319.298,309.0,300.0
1636774319.597,280.0,299.0
1636774319.896,285.0,294.0
1636774320.195,279.0,289.0
1636774320.498,279.0,283.0
1636774320.797,278.0,282.0
1636774321.096,262.0,279.0
1636774321.399,284.0,278.0
1636774321.698,292.0,277.0
1636774321.997,297.0,281.0
1636774322.302,294.0,284.0
1636774322.599,289.0,283.0
1636774322.898,291.0,283.0
1636774323.201,280.0,284.0
1636774323.5,291.0,284.0
1636774323.799,276.0,285.0
1636774324.099,295.0,285.0
1636774324.402,296.0,288.0
1636774324.701,306.0,290.0
1636774325.0,269.0,291.0
1636774325.303,286.0,288.0
1636774325.602,293.0,287.0
1636774325.901,267.0,288.0
1636774326.204,321.0,285.0
1636774326.503,330.0,290.0
1636774326.802,330.0,293.0
1636774327.105,349.0,299.0
1636774327.404,364.0,304.0
1636774327.703,349.0,311.0
1636774328.002,349.0,315.0
1636774328.305,354.0,323.0
1636774328.604,351.0,330.0
1636774328.903,358.0,336.0
1636774329.206,356.0,345.0
1636774329.505,347.0,349.0
1636774329.804,354.0,350.0
1636774330.107,361.0,353.0
1636774330.406,364.0,354.0
1636774330.705,372.0,354.0
1636774331.004,366.0,356.0
1636774331.307,373.0,358.0
1636774331.606,384.0,360.0
1636774331.905,358.0,363.0
1636774332.208,342.0,363.0
1636774332.507,367.0,362.0
1636774332.806,360.0,364.0
1636774333.109,347.0,364.0
1636774333.408,339.0,363.0
1636774333.707,352.0,360.0
1636774334.01,368.0,358.0
1636774334.309,362.0,359.0
1636774334.608,327.0,357.0
1636774334.907,361.0,352.0
1636774335.21,363.0,352.0
1636774335.509,281.0,354.0
1636774335.808,363.0,346.0
1636774336.111,396.0,346.0
1636774336.41,350.0,351.0
1636774336.71,367.0,352.0
1636774337.012,337.0,353.0
1636774337.312,376.0,350.0
1636774337.611,331.0,352.0
1636774337.914,356.0,352.0
1636774338.212,308.0,352.0
1636774338.511,333.0,346.0
1636774338.811,335.0,351.0
1636774339.114,340.0,348.0
1636774339.413,331.0,343.0
1636774339.712,298.0,341.0
1636774340.015,338.0,334.0
1636774340.314,303.0,334.0
1636774340.613,335.0,327.0
1636774340.916,306.0,327.0
1636774341.215,278.0,322.0
1636774341.514,297.0,319.0
1636774341.813,295.0,316.0
1636774342.116,295.0,312.0
1636774342.415,315.0,307.0
1636774342.714,296.0,306.0
1636774343.017,312.0,305.0
1636774343.316,304.0,303.0
1636774343.615,344.0,303.0
1636774343.918,352.0,304.0
1636774344.242,367.0,308.0
1636774344.516,336.0,317.0
1636774344.819,323.0,321.0
1636774345.126,334.0,324.0
1636774345.417,349.0,328.0
1636774345.716,358.0,331.0
1636774346.019,320.0,337.0
1636774346.343,360.0,338.0
1636774346.617,329.0,344.0
1636774346.92,359.0,342.0
1636774347.228,350.0,343.0
1636774347.518,319.0,341.0
1636774347.821,351.0,340.0
1636774348.12,327.0,342.0
1636774348.444,353.0,342.0
1636774348.722,335.0,342.0
1636774349.021,336.0,340.0
1636774349.329,327.0,341.0
1636774349.62,318.0,338.0
1636774349.923,353.0,337.0
1636774350.222,319.0,336.0
1636774350.549,348.0,333.0
1636774350.823,318.0,336.0
1636774351.123,338.0,333.0
1636774351.43,339.0,334.0
1636774351.725,329.0,333.0
1636774352.024,339.0,332.0
1636774352.323,321.0,332.0
1636774352.65,348.0,332.0
1636774352.925,338.0,335.0
1636774353.224,335.0,333.0
1636774353.535,333.0,335.0
1636774353.826,335.0,333.0
1636774354.125,348.0,335.0
1636774354.424,312.0,336.0
1636774354.754,346.0,333.0
1636774355.026,345.0,335.0
1636774355.325,360.0,336.0
1636774355.636,341.0,340.0
1636774355.927,342.0,339.0
1636774356.226,327.0,339.0
1636774356.525,322.0,338.0
1636774356.853,348.0,337.0
1636774357.127,307.0,339.0
1636774357.426,348.0,335.0
1636774357.739,337.0,338.0
1636774358.028,336.0,337.0
1636774358.327,339.0,336.0
1636774358.63,317.0,334.0
1636774358.954,350.0,332.0
1636774359.228,350.0,333.0
1636774359.531,361.0,335.0
1636774359.843,329.0,339.0
1636774360.129,341.0,337.0
1636774360.428,341.0,340.0
1636774360.731,310.0,340.0
1636774361.059,338.0,337.0
1636774361.329,312.0,337.0
1636774361.632,328.0,334.0
1636774361.944,341.0,336.0
1636774362.231,348.0,335.0
1636774362.534,338.0,334.0
1636774362.833,330.0,332.0
1636774363.16,332.0,332.0
1636774363.435,324.0,331.0
1636774363.734,341.0,330.0
1636774364.045,320.0,333.0
1636774364.332,323.0,331.0
1636774364.635,320.0,332.0
1636774364.934,318.0,331.0
1636774365.261,344.0,329.0
1636774365.536,341.0,329.0
1636774365.835,371.0,329.0
1636774366.146,332.0,333.0
1636774366.437,345.0,333.0
1636774366.736,350.0,335.0
1636774367.035,349.0,336.0
1636774367.363,344.0,339.0
1636774367.637,331.0,341.0
1636774367.936,369.0,342.0
1636774368.251,349.0,347.0
1636774368.538,366.0,348.0
1636774368.837,351.0,350.0
1636774369.136,337.0,348.0
1636774369.464,358.0,349.0
1636774369.738,328.0,350.0
1636774370.037,361.0,348.0
1636774370.348,347.0,349.0
1636774370.639,356.0,349.0
1636774370.938,360.0,352.0
1636774371.237,353.0,351.0
1636774371.54,356.0,351.0
1636774371.839,332.0,350.0
1636774372.138,354.0,348.0
1636774372.441,335.0,350.0
1636774372.777,345.0,348.0
1636774373.039,326.0,349.0
1636774373.342,321.0,346.0
1636774373.662,323.0,343.0
1636774373.94,325.0,340.0
1636774374.243,327.0,337.0
1636774374.542,329.0,334.0
1636774374.841,342.0,331.0
1636774375.141,327.0,332.0
1636774375.443,364.0,330.0
1636774375.743,344.0,332.0
1636774376.042,324.0,332.0
1636774376.345,357.0,332.0
1636774376.644,358.0,336.0
1636774376.943,381.0,339.0
1636774377.246,353.0,345.0
1636774377.545,358.0,347.0
1636774377.844,337.0,350.0
1636774378.143,320.0,350.0
1636774378.446,340.0,349.0
1636774378.745,336.0,347.0
1636774379.044,348.0,346.0
1636774379.347,342.0,348.0
1636774379.646,339.0,347.0
1636774379.945,340.0,345.0
1636774380.248,339.0,341.0
1636774380.547,352.0,339.0
1636774380.846,322.0,339.0
1636774381.149,357.0,337.0
1636774381.448,340.0,341.0
1636774381.747,354.0,341.0
1636774382.046,332.0,343.0
1636774382.349,338.0,341.0
1636774382.648,343.0,341.0
1636774382.947,294.0,341.0
1636774383.25,357.0,337.0
1636774383.549,334.0,338.0
1636774383.848,348.0,337.0
1636774384.151,317.0,339.0
1636774384.45,347.0,335.0
1636774384.749,305.0,336.0
1636774385.052,323.0,331.0
1636774385.351,343.0,330.0
1636774385.65,335.0,331.0
1636774385.949,341.0,330.0
1636774386.252,350.0,335.0
1636774386.551,327.0,334.0
1636774386.85,359.0,333.0
1636774387.153,365.0,334.0
1636774387.452,357.0,339.0
1636774387.751,384.0,340.0
1636774388.054,373.0,348.0
1636774388.354,349.0,353.0
1636774388.653,379.0,354.0
1636774388.952,350.0,358.0
1636774389.255,351.0,359.0
1636774389.554,337.0,359.0
1636774389.853,360.0,360.0
1636774390.156,339.0,360.0
1636774390.455,360.0,357.0
1636774390.754,330.0,358.0
1636774391.057,342.0,352.0
1636774391.356,343.0,349.0
1636774391.655,324.0,349.0
1636774391.958,350.0,343.0
1636774392.257,336.0,343.0
1636774392.556,332.0,342.0
1636774392.855,327.0,341.0
1636774393.158,334.0,338.0
1636774393.457,317.0,337.0
1636774393.756,325.0,333.0
1636774394.059,363.0,333.0
1636774394.358,339.0,335.0
1636774394.657,355.0,334.0
1636774394.96,360.0,337.0
1636774395.259,360.0,338.0
1636774395.558,333.0,341.0
1636774395.861,387.0,341.0
1636774396.16,381.0,347.0
1636774396.459,385.0,352.0
1636774396.758,352.0,358.0
1636774397.061,360.0,361.0
1636774397.36,362.0,361.0
1636774397.659,378.0,363.0
1636774397.962,363.0,365.0
1636774398.261,377.0,366.0
1636774398.56,401.0,367.0
1636774398.863,364.0,374.0
1636774399.162,389.0,372.0
1636774399.461,390.0,373.0
1636774399.76,404.0,373.0
1636774400.064,380.0,378.0
1636774400.362,385.0,380.0
1636774400.662,382.0,383.0
1636774400.964,381.0,383.0
1636774401.264,412.0,385.0
1636774401.563,416.0,388.0
1636774401.866,403.0,390.0
1636774402.165,402.0,394.0
1636774402.464,395.0,395.0
1636774402.767,403.0,396.0
1636774403.066,426.0,395.0
1636774403.365,414.0,400.0
1636774403.664,408.0,403.0
1636774546.067,356.0,0.0
1636774546.37,368.0,374.0
1636774546.669,348.0,373.0
1636774546.972,372.0,370.0
1636774547.271,344.0,370.0
1636774547.57,361.0,366.0
1636774547.873,329.0,365.0
1636774548.172,320.0,360.0
1636774548.471,298.0,355.0
1636774548.774,295.0,347.0
1636774549.073,301.0,339.0
1636774549.372,264.0,333.0
1636774549.675,256.0,323.0
1636774549.974,245.0,314.0
1636774550.274,263.0,301.0
1636774550.572,236.0,293.0
1636774550.875,260.0,280.0
1636774551.174,234.0,273.0
1636774551.473,283.0,265.0
1636774551.776,295.0,263.0
1636774552.075,296.0,263.0
1636774552.374,302.0,263.0
1636774552.677,301.0,267.0
1636774552.977,290.0,271.0
1636774553.276,289.0,276.0
1636774553.575,311.0,278.0
1636774553.878,274.0,286.0
1636774554.177,308.0,287.0
1636774554.476,285.0,294.0
1636774554.779,282.0,295.0
1636774555.078,273.0,293.0
1636774555.377,289.0,291.0
1636774555.68,287.0,290.0
1636774555.979,289.0,288.0
1636774556.278,306.0,288.0
1636774556.581,276.0,290.0
1636774556.88,310.0,286.0
1636774557.179,303.0,290.0
1636774557.478,292.0,290.0
1636774557.781,301.0,290.0
1636774558.08,292.0,292.0
1636774558.379,294.0,294.0
1636774558.682,289.0,295.0
1636774558.981,296.0,295.0
1636774559.28,287.0,295.0
1636774559.583,287.0,294.0
1636774559.882,294.0,295.0
1636774560.181,295.0,293.0
1636774560.484,306.0,292.0
1636774560.783,297.0,294.0
1636774561.082,297.0,293.0
1636774561.381,298.0,294.0
1636774561.684,288.0,294.0
1636774561.983,284.0,294.0
1636774562.282,301.0,293.0
1636774562.585,301.0,294.0
1636774562.884,309.0,296.0
1636774563.183,309.0,297.0
1636774563.486,294.0,299.0
1636774563.785,311.0,297.0
1636774564.084,289.0,299.0
1636774564.384,301.0,298.0
1636774564.686,292.0,298.0
1636774564.985,275.0,299.0
1636774565.285,290.0,298.0
1636774565.588,298.0,297.0
1636774565.886,319.0,296.0
1636774566.185,313.0,297.0
1636774566.497,303.0,298.0
1636774566.788,293.0,299.0
1636774567.087,288.0,297.0
1636774567.39,281.0,297.0
1636774567.713,265.0,295.0
1636774567.988,304.0,292.0
1636774568.287,285.0,295.0
1636774568.598,302.0,294.0
1636774568.889,294.0,295.0
1636774569.188,303.0,292.0
1636774569.491,269.0,291.0
1636774569.815,282.0,288.0
1636774570.089,274.0,287.0
1636774570.392,282.0,285.0
1636774570.699,270.0,286.0
1636774570.99,286.0,286.0
1636774571.293,312.0,284.0
1636774571.592,281.0,287.0
1636774571.92,289.0,285.0
1636774572.19,284.0,284.0
1636774572.493,293.0,282.0
1636774572.804,277.0,285.0
1636774573.091,274.0,284.0
1636774573.394,284.0,284.0
1636774573.693,275.0,285.0
1636774574.021,292.0,285.0
1636774574.295,276.0,286.0
1636774574.594,305.0,282.0
1636774574.906,273.0,284.0
1636774575.196,277.0,283.0
1636774575.495,290.0,282.0
1636774575.794,279.0,282.0
1636774576.122,282.0,282.0
1636774576.396,240.0,283.0
1636774576.695,286.0,278.0
1636774577.007,279.0,280.0
1636774577.297,295.0,278.0
1636774577.596,268.0,280.0
1636774577.896,274.0,276.0
1636774578.223,262.0,277.0
1636774578.497,312.0,275.0
1636774578.796,302.0,277.0
1636774579.108,294.0,280.0
1636774579.399,307.0,281.0
1636774579.698,280.0,287.0
1636774579.997,306.0,287.0
1636774580.328,304.0,290.0
1636774580.599,299.0,290.0
1636774580.898,326.0,294.0
1636774581.213,293.0,299.0
1636774581.5,313.0,302.0
1636774581.799,308.0,302.0
1636774582.102,306.0,303.0
1636774582.43,305.0,304.0
1636774582.7,279.0,304.0
1636774582.999,305.0,303.0
1636774583.314,302.0,303.0
1636774583.601,300.0,303.0
1636774583.9,269.0,303.0
1636774584.203,296.0,298.0
1636774584.531,284.0,298.0
1636774584.801,254.0,295.0
1636774585.104,295.0,290.0
1636774585.415,244.0,288.0
1636774585.702,298.0,282.0
1636774586.005,281.0,284.0
1636774586.304,292.0,282.0
1636774586.603,276.0,281.0
1636774586.902,269.0,278.0
1636774587.205,273.0,278.0
1636774587.504,268.0,276.0
1636774587.803,304.0,275.0
1636774588.106,245.0,280.0
1636774588.405,282.0,275.0
1636774588.705,259.0,278.0
1636774589.007,287.0,274.0
1636774589.306,268.0,275.0
1636774589.605,295.0,273.0
1636774589.905,248.0,275.0
1636774590.207,271.0,272.0
1636774590.507,293.0,272.0
1636774590.806,283.0,275.0
1636774591.108,316.0,273.0
1636774591.408,268.0,280.0
1636774591.707,306.0,278.0
1636774592.01,252.0,283.0
1636774592.309,280.0,280.0
1636774592.608,262.0,281.0
1636774592.911,277.0,277.0
1636774593.21,293.0,280.0
1636774593.509,257.0,283.0
1636774593.808,285.0,279.0
1636774594.111,289.0,279.0
1636774594.41,315.0,276.0
1636774594.709,312.0,281.0
1636774595.012,306.0,282.0
1636774595.311,316.0,287.0
1636774595.61,320.0,291.0
1636774595.913,335.0,297.0
1636774596.212,330.0,302.0
1636774596.511,324.0,306.0
1636774596.814,330.0,313.0
1636774597.113,299.0,317.0
1636774597.412,305.0,318.0
1636774597.711,319.0,317.0
1636774598.014,299.0,318.0
1636774598.313,297.0,317.0
1636774598.612,315.0,315.0
1636774598.915,313.0,315.0
1636774599.214,324.0,313.0
1636774599.513,321.0,312.0
1636774599.816,308.0,312.0
1636774600.115,319.0,310.0
1636774600.414,307.0,312.0
1636774600.717,331.0,312.0
1636774601.016,320.0,313.0
1636774601.315,323.0,315.0
1636774601.614,337.0,318.0
1636774601.917,299.0,320.0
1636774602.216,319.0,318.0
1636774602.516,300.0,318.0
1636774602.818,280.0,316.0
1636774603.117,317.0,313.0
1636774603.417,305.0,313.0
1636774603.719,308.0,313.0
1636774604.019,297.0,310.0
1636774604.318,300.0,308.0
1636774604.617,319.0,306.0
1636774604.92,310.0,304.0
1636774605.219,331.0,305.0
1636774605.518,356.0,306.0
1636774605.821,337.0,312.0
1636774606.12,302.0,318.0
1636774606.419,374.0,316.0
1636774606.722,359.0,323.0
1636774607.021,358.0,328.0
1636774607.32,369.0,334.0
1636774607.623,361.0,341.0
1636774607.922,369.0,345.0
1636774608.221,375.0,351.0
1636774608.52,377.0,356.0
1636774608.823,389.0,358.0
1636774609.122,393.0,363.0
1636774609.421,399.0,372.0
1636774609.724,377.0,374.0
1636774610.023,374.0,376.0
1636774610.322,404.0,378.0
1636774610.625,344.0,381.0
1636774610.924,369.0,380.0
1636774611.223,371.0,380.0
1636774611.526,387.0,379.0
1636774611.825,348.0,380.0
1636774612.124,376.0,376.0
1636774612.423,371.0,374.0
1636774612.726,346.0,372.0
1636774613.025,359.0,369.0
1636774613.324,336.0,367.0
1636774613.627,384.0,360.0
1636774613.926,392.0,364.0
1636774614.225,377.0,367.0
1636774614.528,371.0,367.0
1636774614.827,380.0,366.0
1636774615.126,383.0,369.0
1636774615.429,405.0,369.0
1636774615.728,391.0,373.0
1636774616.048,369.0,377.0
1636774616.326,375.0,378.0
1636774616.629,369.0,382.0
1636774616.933,339.0,381.0
1636774617.531,329.0,376.0
1636774617.83,348.0,372.0
1636774618.149,376.0,368.0
1636774618.432,357.0,368.0
1636774618.731,376.0,363.0
1636774619.034,371.0,361.0
1636774619.366,336.0,362.0
1636774619.632,378.0,358.0
1636774619.931,367.0,359.0
1636774620.25,331.0,361.0
1636774620.533,376.0,356.0
1636774620.832,350.0,361.0
1636774621.135,375.0,361.0
1636774621.467,348.0,361.0
1636774621.733,352.0,360.0
1636774622.032,362.0,358.0
1636774622.352,348.0,357.0
1636774622.634,378.0,358.0
1636774622.933,357.0,358.0
1636774623.236,340.0,357.0
1636774623.568,366.0,358.0
1636774623.834,341.0,357.0
1636774624.133,372.0,356.0
1636774624.453,348.0,356.0
1636774624.735,341.0,356.0
1636774625.034,355.0,355.0
1636774625.337,338.0,354.0
1636774625.669,375.0,353.0
1636774625.936,344.0,353.0
1636774626.238,336.0,352.0
1636774626.558,355.0,351.0
1636774626.836,361.0,350.0
1636774627.135,369.0,352.0
1636774627.442,388.0,352.0
1636774627.774,373.0,356.0
1636774628.036,384.0,359.0
1636774628.339,370.0,362.0
1636774628.659,365.0,365.0
1636774628.938,377.0,364.0
1636774629.241,351.0,367.0
1636774629.544,362.0,369.0
1636774629.876,371.0,370.0
1636774630.138,326.0,371.0
1636774630.441,358.0,366.0
1636774630.76,367.0,363.0
1636774631.039,346.0,363.0
1636774631.342,359.0,359.0
1636774631.645,351.0,358.0
1636774631.977,373.0,356.0
1636774632.243,369.0,356.0
1636774632.542,359.0,358.0
1636774632.861,384.0,357.0
1636774633.144,359.0,359.0
1636774633.443,363.0,362.0
1636774633.746,387.0,363.0
1636774634.078,347.0,365.0
1636774634.344,375.0,365.0
1636774634.643,360.0,366.0
1636774634.962,345.0,367.0
1636774635.245,386.0,364.0
1636774635.544,360.0,366.0
1636774635.849,363.0,366.0
1636774636.179,387.0,364.0
1636774636.445,351.0,367.0
1636774636.744,366.0,366.0
1636774637.064,381.0,364.0
1636774637.346,376.0,367.0
1636774637.645,388.0,367.0
1636774637.948,360.0,370.0
1636774638.28,356.0,371.0
1636774638.546,369.0,368.0
1636774638.845,356.0,369.0
1636774639.165,357.0,369.0
1636774639.447,390.0,366.0
1636774639.746,356.0,369.0
1636774640.05,367.0,368.0
1636774640.381,379.0,367.0
1636774640.647,359.0,367.0
1636774640.946,367.0,364.0
1636774641.266,368.0,365.0
1636774641.548,359.0,366.0
1636774641.848,398.0,365.0
1636774642.155,380.0,370.0
1636774642.486,356.0,372.0
1636774642.749,396.0,368.0
1636774643.052,376.0,372.0
1636774643.371,376.0,373.0
1636774643.65,382.0,373.0
1636774643.953,356.0,375.0
1636774644.256,352.0,374.0
1636774644.588,363.0,373.0
1636774644.85,367.0,373.0
1636774645.153,379.0,370.0
1636774645.472,385.0,370.0
1636774645.751,382.0,373.0
1636774646.054,401.0,371.0
1636774646.353,403.0,374.0
1636774646.652,401.0,377.0
1636774646.955,414.0,378.0
1636774647.254,404.0,384.0
1636774647.553,391.0,389.0
1636774647.856,387.0,392.0
1636774648.155,374.0,394.0
1636774648.454,403.0,394.0
1636774648.753,407.0,396.0
1636774649.056,399.0,398.0
1636774649.355,396.0,398.0
1636774649.654,387.0,397.0
1636774649.957,378.0,396.0
1636774650.256,379.0,392.0
1636774650.555,397.0,390.0
1636774650.859,393.0,390.0
1636774651.157,377.0,391.0
1636774651.456,376.0,391.0
1636774651.759,400.0,388.0
1636774652.058,400.0,388.0
1636774652.357,386.0,388.0
1636774652.656,403.0,387.0
1636774652.959,388.0,388.0
1636774653.258,364.0,389.0
1636774653.557,396.0,388.0
1636774653.86,355.0,388.0
1636774654.159,366.0,384.0
1636774654.459,349.0,383.0
1636774654.761,349.0,380.0
1636774655.061,375.0,375.0
1636774655.36,367.0,373.0
1636774655.659,356.0,371.0
1636774655.962,380.0,366.0
1636774656.261,330.0,365.0
1636774656.56,369.0,362.0
1636774656.863,347.0,359.0
1636774657.162,364.0,358.0
1636774657.461,356.0,358.0
1636774657.764,340.0,359.0
1636774658.063,366.0,358.0
1636774658.362,357.0,357.0
1636774658.665,360.0,356.0
1636774658.964,352.0,356.0
1636774659.263,341.0,354.0
1636774659.562,370.0,355.0
1636774659.865,353.0,355.0
1636774660.164,369.0,355.0
1636774660.463,331.0,356.0
1636774660.766,370.0,353.0
1636774661.065,339.0,356.0
1636774661.364,338.0,354.0
1636774661.667,361.0,352.0
1636774661.966,332.0,352.0
1636774662.265,356.0,350.0
1636774662.568,365.0,351.0
1636774662.867,368.0,351.0
1636774663.166,327.0,352.0
1636774663.465,302.0,348.0
1636774663.768,348.0,345.0
1636774664.067,301.0,343.0
1636774664.366,356.0,339.0
1636774664.669,331.0,341.0
1636774664.968,338.0,338.0
1636774665.267,348.0,339.0
1636774665.57,331.0,338.0
1636774665.89,352.0,335.0
1636774666.168,332.0,333.0
1636774666.471,373.0,333.0
1636774666.77,321.0,341.0
1636774667.07,334.0,338.0
1636774667.369,375.0,341.0
1636774667.671,350.0,343.0
1636774667.971,380.0,345.0
1636774668.27,339.0,349.0
1636774668.573,385.0,348.0
1636774668.872,336.0,354.0
1636774669.171,364.0,352.0
1636774669.474,355.0,355.0
1636774669.773,338.0,353.0
1636774670.072,372.0,355.0
1636774670.371,367.0,359.0
1636774670.674,377.0,358.0
1636774670.973,364.0,361.0
1636774671.272,396.0,359.0
1636774671.575,354.0,365.0
1636774671.874,365.0,362.0
1636774672.173,390.0,365.0
1636774672.476,390.0,367.0
1636774672.775,420.0,371.0
1636774673.074,382.0,379.0
1636774673.377,384.0,380.0
1636774673.676,405.0,382.0
1636774673.975,398.0,385.0
1636774674.274,414.0,388.0
1636774674.577,390.0,390.0
1636774674.876,398.0,393.0
1636774675.175,406.0,397.0
1636774675.478,383.0,398.0
1636774675.777,375.0,398.0
1636774676.105,378.0,393.0
1636774676.379,408.0,393.0
1636774676.678,383.0,395.0
1636774676.991,406.0,393.0
1636774677.28,376.0,394.0
1636774677.579,373.0,390.0
1636774677.879,385.0,388.0
1636774678.206,375.0,387.0
1636774678.48,400.0,384.0
1636774678.779,383.0,385.0
1636774679.091,403.0,386.0
1636774679.381,385.0,389.0
1636774679.681,378.0,386.0
1636774679.98,391.0,386.0
1636774680.307,381.0,384.0
1636774680.582,398.0,385.0
1636774680.881,375.0,387.0
1636774681.194,379.0,386.0
1636774681.483,379.0,387.0
1636774681.782,354.0,385.0
1636774682.081,377.0,382.0
1636774682.412,336.0,379.0
1636774682.683,382.0,374.0
1636774682.982,367.0,375.0
1636774683.293,396.0,372.0
1636774683.584,358.0,374.0
1636774683.883,370.0,370.0
1636774684.186,363.0,369.0
1636774684.513,369.0,368.0
1636774684.784,390.0,367.0
1636774685.083,380.0,370.0
1636774685.398,396.0,371.0
1636774685.685,381.0,377.0
1636774685.984,399.0,377.0
1636774686.287,373.0,380.0
1636774686.615,395.0,377.0
1636774686.885,364.0,381.0
1636774687.188,382.0,381.0
1636774687.499,379.0,382.0
1636774687.786,365.0,383.0
1636774688.089,380.0,381.0
1636774688.388,357.0,381.0
1636774688.716,384.0,377.0
1636774688.986,363.0,377.0
1636774689.289,375.0,374.0
1636774689.601,377.0,374.0
1636774689.887,361.0,372.0
1636774690.19,361.0,372.0
1636774690.489,349.0,370.0
1636774690.817,400.0,367.0
1636774691.091,364.0,370.0
1636774691.39,373.0,369.0
1636774691.706,389.0,370.0
1636774691.988,373.0,371.0
1636774692.292,392.0,372.0
1636774692.591,371.0,373.0
1636774692.922,392.0,373.0
1636774693.192,389.0,376.0
1636774693.492,372.0,379.0
1636774693.807,398.0,381.0
1636774694.094,389.0,381.0
1636774694.393,386.0,383.0
1636774694.692,376.0,385.0
1636774695.024,376.0,383.0
1636774695.294,373.0,384.0
1636774695.593,343.0,382.0
1636774695.908,378.0,379.0
1636774696.195,359.0,378.0
1636774696.494,398.0,375.0
1636774696.795,372.0,377.0
1636774697.125,359.0,375.0
1636774697.395,394.0,372.0
1636774697.694,365.0,372.0
1636774698.009,404.0,371.0
1636774698.296,376.0,374.0
1636774698.595,397.0,374.0
1636774698.898,380.0,380.0
1636774699.23,380.0,380.0
1636774699.496,391.0,382.0
1636774699.795,374.0,381.0
1636774700.114,393.0,382.0
1636774700.397,371.0,385.0
1636774700.696,380.0,383.0
1636774700.999,390.0,384.0
1636774701.331,367.0,383.0
1636774701.597,401.0,382.0
1636774701.9,378.0,382.0
1636774702.217,389.0,382.0
1636774702.498,384.0,383.0
1636774702.801,368.0,382.0
1636774703.1,391.0,382.0
1636774703.432,382.0,381.0
1636774703.698,391.0,383.0
1636774704.001,379.0,384.0
1636774704.317,373.0,383.0
1636774704.599,382.0,383.0
1636774704.902,357.0,381.0
1636774705.202,387.0,379.0
1636774705.535,361.0,379.0
1636774705.803,393.0,377.0
1636774706.103,380.0,379.0
1636774706.402,366.0,378.0
1636774706.701,367.0,376.0
1636774707.004,356.0,374.0
1636774707.303,351.0,372.0
1636774707.602,326.0,370.0
1636774707.905,347.0,364.0
1636774708.204,321.0,363.0
1636774708.503,335.0,356.0
1636774708.806,323.0,354.0
1636774709.105,309.0,347.0
1636774709.404,331.0,340.0
1636774709.707,291.0,336.0
1636774710.006,336.0,329.0
1636774710.305,299.0,327.0
1636774710.604,337.0,321.0
1636774710.907,304.0,322.0
1636774711.206,322.0,318.0
1636774711.505,293.0,318.0
1636774711.808,300.0,314.0
1636774712.107,310.0,312.0
1636774712.406,266.0,312.0
1636774712.709,308.0,305.0
1636774713.008,298.0,307.0
1636774713.307,322.0,303.0
1636774713.61,294.0,306.0
1636774713.909,296.0,301.0
1636774714.208,315.0,300.0
1636774714.507,283.0,300.0
1636774714.81,312.0,299.0
1636774715.109,316.0,300.0
1636774715.408,314.0,301.0
1636774715.711,316.0,305.0
1636774716.01,322.0,306.0
1636774716.309,301.0,309.0
1636774716.612,318.0,306.0
1636774716.911,317.0,309.0
1636774717.21,292.0,311.0
1636774717.513,328.0,309.0
1636774717.812,307.0,313.0
1636774718.112,319.0,313.0
1636774718.411,314.0,313.0
1636774718.714,325.0,313.0
1636774719.013,297.0,314.0
1636774719.312,291.0,311.0
1636774719.615,309.0,310.0
1636774719.914,292.0,309.0
1636774720.213,323.0,307.0
1636774720.516,300.0,310.0
1636774720.815,305.0,307.0
1636774721.114,315.0,307.0
1636774721.413,326.0,307.0
1636774721.716,292.0,308.0
1636774722.015,293.0,305.0
1636774722.314,316.0,304.0
1636774722.617,311.0,307.0
1636774722.916,311.0,307.0
1636774723.219,281.0,309.0
1636774723.518,300.0,305.0
1636774723.817,295.0,305.0
1636774724.116,288.0,304.0
1636774724.419,303.0,301.0
1636774724.718,273.0,299.0
1636774725.017,312.0,297.0
1636774725.316,322.0,299.0
1636774725.619,300.0,299.0
1636774725.919,285.0,298.0
1636774726.217,321.0,295.0
1636774726.52,301.0,299.0
1636774726.819,312.0,300.0
1636774727.118,300.0,301.0
1636774727.421,297.0,302.0
1636774727.72,318.0,302.0
1636774728.019,278.0,306.0
1636774728.322,329.0,303.0
1636774728.621,295.0,304.0
1636774728.92,321.0,303.0
1636774729.219,322.0,307.0
1636774729.522,333.0,307.0
1636774729.821,317.0,310.0
1636774730.121,328.0,311.0
1636774730.423,330.0,313.0
1636774730.722,318.0,317.0
1636774731.021,363.0,317.0
1636774731.324,327.0,325.0
1636774731.624,322.0,325.0
1636774731.923,335.0,328.0
1636774732.222,341.0,329.0
1636774732.525,342.0,331.0
1636774732.824,326.0,332.0
1636774733.123,343.0,333.0
1636774733.426,352.0,334.0
1636774733.725,306.0,336.0
1636774734.024,296.0,335.0
1636774734.327,356.0,329.0
1636774734.626,339.0,331.0
1636774734.925,320.0,333.0
1636774735.228,341.0,332.0
1636774735.527,356.0,332.0
1636774735.826,347.0,333.0
1636774736.125,340.0,335.0
1636774736.428,360.0,335.0
1636774736.727,339.0,336.0
1636774737.055,358.0,339.0
1636774737.329,357.0,345.0
1636774737.628,375.0,345.0
1636774737.939,370.0,349.0
1636774738.23,381.0,354.0
1636774738.529,364.0,358.0
1636774738.828,373.0,359.0
1636774739.156,367.0,361.0
1636774739.43,338.0,364.0
1636774739.729,373.0,362.0
1636774740.04,322.0,365.0
1636774740.331,356.0,362.0
1636774740.63,351.0,361.0
1636774740.929,368.0,359.0
1636774741.257,351.0,359.0
1636774741.531,372.0,356.0
1636774741.83,383.0,357.0
1636774742.142,353.0,358.0
1636774742.432,379.0,356.0
1636774742.732,359.0,360.0
1636774743.034,387.0,359.0
1636774743.358,361.0,365.0
1636774743.632,360.0,366.0
1636774743.931,363.0,367.0
1636774744.243,377.0,366.0
1636774744.534,356.0,369.0
1636774744.833,344.0,367.0
1636774745.136,366.0,363.0
1636774745.463,353.0,365.0
1636774745.734,367.0,362.0
1636774746.037,363.0,363.0
1636774746.348,385.0,361.0
1636774746.635,345.0,363.0
1636774746.934,373.0,361.0
1636774747.237,349.0,362.0
1636774747.564,364.0,360.0
1636774747.835,361.0,360.0
1636774748.138,368.0,362.0
1636774748.449,386.0,362.0
1636774748.736,351.0,366.0
1636774749.039,370.0,364.0
1636774749.338,368.0,365.0
1636774749.666,381.0,363.0
1636774749.94,318.0,367.0
1636774750.239,351.0,361.0
1636774750.55,364.0,361.0
1636774750.837,353.0,361.0
1636774751.14,383.0,361.0
1636774751.439,353.0,362.0
1636774751.767,383.0,359.0
1636774752.041,365.0,362.0
1636774752.34,384.0,361.0
1636774752.656,352.0,363.0
1636774752.942,379.0,360.0
1636774753.241,377.0,366.0
1636774753.54,371.0,369.0
1636774753.872,353.0,370.0
1636774754.142,342.0,370.0
1636774754.441,355.0,365.0
