1636773535.95,21323.61,13.758
1636773536.253,18399.575,18771.189
1636773536.551,22159.669,18771.189
1636773536.85,14881.486,19148.229
1636773537.154,17942.539,18771.189
1636773537.453,16878.512,18677.78
1636773537.752,16363.307,18491.975
1636773538.055,16965.451,18215.772
1636773538.354,14407.914,18124.367
1636773538.653,16278.499,17672.235
1636773538.956,14486.158,17404.822
1636773539.255,14020.737,16705.557
1636773539.554,14881.486,16278.499
1636773539.857,12898.504,15610.693
1636773540.156,14722.529,15446.656
1636773540.455,12753.195,15122.009
1636773540.754,13640.199,14722.529
1636773541.057,14020.737,14407.914
1636773541.356,13044.812,14174.803
1636773541.655,14097.637,14020.737
1636773541.958,12252.369,13791.627
1636773542.257,15610.693,13564.876
1636773542.556,15693.144,13715.782
1636773542.859,14097.637,13791.627
1636773543.158,13340.458,13944.103
1636773543.457,13564.876,13791.627
1636773543.76,15610.693,13867.733
1636773544.059,13340.458,14097.637
1636773544.358,16533.826,14020.737
1636773544.657,12971.532,14329.941
1636773544.96,15693.144,14252.238
1636773545.259,12753.195,14564.674
1636773545.558,14097.637,14252.238
1636773545.861,12252.369,14097.637
1636773546.16,12181.794,13944.103
1636773546.459,16109.778,13791.627
1636773546.762,12680.913,14097.637
1636773547.061,15202.746,13791.627
1636773547.36,15365.068,13944.103
1636773547.663,14407.914,13867.733
1636773547.963,13867.733,14020.737
1636773548.261,12394.242,13791.627
1636773548.56,15775.886,13791.627
1636773548.863,15283.765,13944.103
1636773549.163,15528.531,14252.238
1636773549.462,13715.782,14564.674
1636773549.765,13044.812,14329.941
1636773550.064,14174.803,14407.914
1636773550.363,12680.913,14329.941
1636773550.666,14407.914,14020.737
1636773550.965,14407.914,14020.737
1636773551.264,14961.381,14097.637
1636773551.567,13044.812,14329.941
1636773551.866,12753.195,14097.637
1636773552.165,12971.532,13791.627
1636773552.464,12825.725,13564.876
1636773552.767,14407.914,13489.813
1636773553.066,14174.803,13640.199
1636773553.365,14097.637,13640.199
1636773553.668,13944.103,13791.627
1636773553.967,14174.803,13715.782
1636773554.266,14801.869,13715.782
1636773554.569,13192.127,13640.199
1636773554.868,15610.693,13715.782
1636773555.167,14252.238,13944.103
1636773555.466,13715.782,14097.637
1636773555.769,14329.941,14174.803
1636773556.068,13564.876,14174.803
1636773556.379,15365.068,14097.637
1636773556.67,15610.693,14252.238
1636773556.969,14961.381,14407.914
1636773557.268,12753.195,14486.158
1636773557.596,12680.913,14252.238
1636773557.87,13489.813,14252.238
1636773558.169,13118.343,14020.737
1636773558.484,15041.555,13867.733
1636773558.771,14020.737,14020.737
1636773559.07,16025.864,14020.737
1636773559.37,14174.803,14252.238
1636773559.697,13791.627,14097.637
1636773559.971,12753.195,13944.103
1636773560.27,12825.725,13715.782
1636773560.582,14881.486,13715.782
1636773560.872,13192.127,13944.103
1636773561.172,14643.464,13944.103
1636773561.474,13640.199,14097.637
1636773561.798,12608.877,13944.103
1636773562.073,13715.782,13791.627
1636773562.375,11151.47,13564.876
1636773562.683,15202.746,13266.165
1636773562.974,13044.812,13415.007
1636773563.273,13791.627,13415.007
1636773563.576,13044.812,13489.813
1636773563.903,12680.913,13340.458
1636773564.174,12825.725,13266.165
1636773564.477,11694.442,13118.343
1636773564.788,13791.627,12898.504
1636773565.075,14722.529,13044.812
1636773565.378,14174.803,13118.343
1636773565.677,12753.195,13415.007
1636773566.005,14020.737,13192.127
1636773566.279,14407.914,13266.165
1636773566.578,14801.869,13340.458
1636773566.889,14174.803,13564.876
1636773567.176,13489.813,13715.782
1636773567.479,14174.803,13715.782
1636773567.778,13266.165,14020.737
1636773568.106,13266.165,13944.103
1636773568.38,12181.794,13791.627
1636773568.679,12181.794,13640.199
1636773568.99,13192.127,13564.876
1636773569.281,11285.836,13489.813
1636773569.58,14020.737,13118.343
1636773569.879,14174.803,13044.812
1636773570.207,14329.941,13044.812
1636773570.481,16193.99,13118.343
1636773570.78,15122.009,13340.458
1636773571.092,15365.068,13489.813
1636773571.382,14097.637,13715.782
1636773571.681,13192.127,13944.103
1636773571.981,14881.486,14020.737
1636773572.312,12898.504,14174.803
1636773572.582,14329.941,14407.914
1636773572.881,12181.794,14407.914
1636773573.197,12898.504,14174.803
1636773573.483,12041.364,14020.737
1636773573.783,13118.343,13640.199
1636773574.082,11625.762,13415.007
1636773574.413,13044.812,13044.812
1636773574.684,12753.195,12971.532
1636773574.983,10819.507,12898.504
1636773575.298,13340.458,12537.088
1636773575.585,11832.503,12537.088
1636773575.884,14486.158,12323.184
1636773576.187,12465.543,12537.088
1636773576.486,13791.627,12465.543
1636773576.785,11489.099,12680.913
1636773577.088,12680.913,12537.088
1636773577.387,12465.543,12608.877
1636773577.686,12971.532,12537.088
1636773577.985,15202.746,12608.877
1636773578.288,9669.756,13044.812
1636773578.587,15202.746,12608.877
1636773578.886,12680.913,12971.532
1636773579.189,11557.315,12753.195
1636773579.488,13715.782,12680.913
1636773579.787,12181.794,12680.913
1636773580.09,13944.103,12753.195
1636773580.389,12680.913,12898.504
1636773580.688,14020.737,12898.504
1636773580.991,12608.877,12971.532
1636773581.29,13118.343,12753.195
1636773581.589,13715.782,13118.343
1636773581.888,13192.127,12971.532
1636773582.191,14961.381,13044.812
1636773582.49,11901.887,13340.458
1636773582.789,15202.746,13192.127
1636773583.092,12394.242,13489.813
1636773583.391,13791.627,13340.458
1636773583.69,11832.503,13415.007
1636773583.993,10428.482,13192.127
1636773584.292,11901.887,12971.532
1636773584.591,10819.507,12825.725
1636773584.894,13640.199,12537.088
1636773585.193,11489.099,12608.877
1636773585.492,12608.877,12252.369
1636773585.792,13192.127,12323.184
1636773586.094,13118.343,12181.794
1636773586.394,12971.532,12252.369
1636773586.693,10688.285,12111.459
1636773586.995,13192.127,12041.364
1636773587.295,12753.195,12323.184
1636773587.594,13044.812,12394.242
1636773587.897,12181.794,12608.877
1636773588.196,13489.813,12465.543
1636773588.495,14961.381,12680.913
1636773588.798,14097.637,12898.504
1636773589.097,14722.529,12971.532
1636773589.396,11901.887,13118.343
1636773589.695,14564.674,13044.812
1636773589.998,12537.088,13415.007
1636773590.297,12537.088,13340.458
1636773590.596,12825.725,13340.458
1636773590.899,12608.877,13340.458
1636773591.198,13266.165,13340.458
1636773591.497,10819.507,13340.458
1636773591.8,13340.458,12898.504
1636773592.099,11421.115,12825.725
1636773592.398,13044.812,12537.088
1636773592.697,12323.184,12608.877
1636773593.0,13118.343,12394.242
1636773593.299,13867.733,12465.543
1636773593.598,13415.007,12608.877
1636773593.901,13640.199,12680.913
1636773594.2,12971.532,12753.195
1636773594.499,14407.914,12753.195
1636773594.802,13340.458,13118.343
1636773595.101,11694.442,13118.343
1636773595.4,11832.503,13118.343
1636773595.703,11489.099,13044.812
1636773596.002,12753.195,12898.504
1636773596.301,12111.459,12898.504
1636773596.6,15122.009,12680.913
1636773596.903,14174.803,12898.504
1636773597.202,12971.532,12898.504
1636773597.501,12181.794,12898.504
1636773597.804,14722.529,12680.913
1636773598.103,15775.886,12825.725
1636773598.403,11971.507,13266.165
1636773598.705,16109.778,13266.165
1636773599.004,14486.158,13715.782
1636773599.304,16025.864,13867.733
1636773599.606,13118.343,14252.238
1636773599.906,14881.486,14097.637
1636773600.205,12323.184,14174.803
1636773600.504,14564.674,14097.637
1636773600.807,16965.451,14329.941
1636773601.106,17052.7,14564.674
1636773601.405,14564.674,14643.464
1636773601.708,16791.881,14961.381
1636773602.007,15041.555,14961.381
1636773602.306,15693.144,15041.555
1636773602.609,13791.627,15041.555
1636773602.908,17672.235,15122.009
1636773603.207,16278.499,15365.068
1636773603.51,15202.746,15775.886
1636773603.809,16533.826,15858.918
1636773604.108,16533.826,15775.886
1636773604.407,16619.539,15775.886
1636773604.71,18033.289,15942.244
1636773605.009,17493.641,16109.778
1636773605.308,17672.235,16278.499
1636773605.611,19627.315,16533.826
1636773605.931,16533.826,17140.26
1636773606.209,16705.557,16965.451
1636773606.512,16705.557,17052.7
1636773606.815,17140.26,17228.133
1636773607.413,15122.009,17493.641
1636773607.712,18033.289,17316.32
1636773608.032,16878.512,17316.32
1636773608.31,16791.881,17316.32
1636773608.613,18677.78,17228.133
1636773608.916,17228.133,17140.26
1636773609.248,19243.349,17140.26
1636773609.514,16965.451,17404.822
1636773609.813,16193.99,17404.822
1636773610.133,17140.26,17316.32
1636773610.415,16791.881,17140.26
1636773610.714,18307.508,17316.32
1636773611.017,16363.307,17404.822
1636773611.349,18399.575,17316.32
1636773611.615,16619.539,17493.641
1636773611.914,18399.575,17228.133
1636773612.234,17052.7,17404.822
1636773612.516,16705.557,17140.26
1636773612.816,17404.822,17140.26
1636773613.119,17493.641,17228.133
1636773613.45,18491.975,17316.32
1636773613.717,18584.71,17493.641
1636773614.016,17762.014,17493.641
1636773614.335,18215.772,17672.235
1636773614.618,16791.881,17582.778
1636773614.917,18491.975,17672.235
1636773615.22,15365.068,17672.235
1636773615.552,17852.114,17493.641
1636773615.818,17582.778,17582.778
1636773616.117,17852.114,17582.778
1636773616.436,18307.508,17672.235
1636773616.719,16619.539,17582.778
1636773617.018,20512.09,17404.822
1636773617.321,17672.235,17672.235
1636773617.653,19148.229,17672.235
1636773617.919,18033.289,17852.114
1636773618.222,17493.641,17852.114
1636773618.541,18771.189,18033.289
1636773618.82,17942.539,18124.367
1636773619.119,21220.847,18215.772
1636773619.426,17852.114,18491.975
1636773619.758,17316.32,18491.975
1636773620.02,18307.508,18491.975
1636773620.323,17493.641,18307.508
1636773620.643,17942.539,18307.508
1636773620.921,18677.78,18215.772
1636773621.224,17493.641,18215.772
1636773621.527,18771.189,18215.772
1636773621.859,16965.451,18215.772
1636773622.125,17942.539,18124.367
1636773622.424,17672.235,17852.114
1636773622.744,17942.539,17852.114
1636773623.022,17582.778,17852.114
1636773623.326,17140.26,17762.014
1636773623.628,19530.797,17762.014
1636773623.96,17582.778,17942.539
1636773624.226,18399.575,17852.114
1636773624.525,17762.014,17942.539
1636773624.845,15858.918,17762.014
1636773625.128,18399.575,17672.235
1636773625.427,19530.797,17762.014
1636773625.73,19530.797,17942.539
1636773626.062,18033.289,18033.289
1636773626.327,16619.539,18124.367
1636773626.627,18491.975,18033.289
1636773626.946,15775.886,17942.539
1636773627.229,18124.367,17762.014
1636773627.528,16705.557,17762.014
1636773627.831,17228.133,17672.235
1636773628.163,16533.826,17762.014
1636773628.429,18491.975,17582.778
1636773628.728,16109.778,17493.641
1636773629.047,16533.826,17140.26
1636773629.33,20213.906,16965.451
1636773629.629,17672.235,17316.32
1636773629.932,18584.71,17228.133
1636773630.264,19530.797,17582.778
1636773630.53,17942.539,17672.235
1636773630.829,20712.72,17852.114
1636773631.149,18864.936,18124.367
1636773631.431,18864.936,18399.575
1636773631.73,20213.906,18399.575
1636773632.033,20115.242,18864.936
1636773632.365,17140.26,19243.349
1636773632.631,19530.797,18864.936
1636773632.934,16533.826,19053.455
1636773633.254,20016.939,18864.936
1636773633.532,17228.133,18959.024
1636773633.831,17852.114,18864.936
1636773634.138,19434.631,18584.71
1636773634.47,18584.71,18584.71
1636773634.732,19434.631,18584.71
1636773635.035,18864.936,18491.975
1636773635.355,17404.822,18399.575
1636773635.633,19918.997,18399.575
1636773635.936,18399.575,18491.975
1636773636.235,18307.508,18677.78
1636773636.534,17942.539,18491.975
1636773636.837,16705.557,18584.71
1636773637.137,18959.024,18399.575
1636773637.436,16965.451,18399.575
1636773637.735,18771.189,18215.772
1636773638.038,16705.557,18124.367
1636773638.337,17140.26,17942.539
1636773638.636,18307.508,17942.539
1636773638.938,17942.539,17762.014
1636773639.237,21016.465,17762.014
1636773639.537,16965.451,17942.539
1636773639.84,17404.822,17852.114
1636773640.139,18864.936,17942.539
1636773640.438,17942.539,17942.539
1636773640.741,20612.22,18033.289
1636773641.04,17942.539,18215.772
1636773641.339,17228.133,18307.508
1636773641.638,18399.575,18307.508
1636773641.941,16278.499,18399.575
1636773642.24,19053.455,18215.772
1636773642.539,18771.189,18033.289
1636773642.842,18771.189,18215.772
1636773643.141,17228.133,18307.508
1636773643.44,16705.557,18124.367
1636773643.743,18584.71,18033.289
1636773644.042,17493.641,17852.114
1636773644.341,18491.975,17762.014
1636773644.644,18491.975,17942.539
1636773644.943,18215.772,17942.539
1636773645.242,19724.186,18124.367
1636773645.541,18584.71,18215.772
1636773645.844,17942.539,18215.772
1636773646.143,18033.289,18124.367
1636773646.442,15942.244,18215.772
1636773646.745,20016.939,18124.367
1636773647.044,16619.539,18215.772
1636773647.343,18677.78,18124.367
1636773647.646,17762.014,18124.367
1636773647.945,17672.235,18124.367
1636773648.244,18771.189,18033.289
1636773648.543,16965.451,17942.539
1636773648.846,19724.186,17762.014
1636773649.145,18864.936,17942.539
1636773649.444,18677.78,18033.289
1636773649.747,17316.32,18307.508
1636773650.046,17140.26,18033.289
1636773650.346,19627.315,18124.367
1636773650.648,17852.114,18215.772
1636773650.948,17582.778,18215.772
1636773651.247,17762.014,18215.772
1636773651.55,18399.575,18124.367
1636773651.849,17852.114,18215.772
1636773652.148,15858.918,18033.289
1636773652.447,17140.26,17762.014
1636773652.75,16448.415,17582.778
1636773653.049,16278.499,17493.641
1636773653.348,17672.235,17404.822
1636773653.651,17493.641,17228.133
1636773653.95,17852.114,17228.133
1636773654.249,17672.235,17228.133
1636773654.552,18959.024,17228.133
1636773654.851,15610.693,17228.133
1636773655.15,16791.881,17052.7
1636773655.453,17140.26,17140.26
1636773655.773,16278.499,17140.26
1636773656.051,19053.455,17140.26
1636773656.35,17582.778,17404.822
1636773656.653,18033.289,17404.822
1636773656.952,17052.7,17404.822
1636773657.251,18033.289,17316.32
1636773657.554,18215.772,17404.822
1636773657.853,18215.772,17316.32
1636773658.152,18584.71,17582.778
1636773658.455,18491.975,17762.014
1636773658.754,19821.413,17942.539
1636773659.053,18771.189,18215.772
1636773659.356,20813.594,18215.772
1636773659.655,21323.61,18584.71
1636773659.954,21220.847,18864.936
1636773660.253,19821.413,19243.349
1636773660.556,20914.841,19434.631
1636773660.855,19148.229,19724.186
1636773661.154,23351.116,19821.413
1636773661.457,19434.631,20312.935
1636773661.756,21738.513,20412.329
1636773662.056,23351.116,20612.22
1636773662.358,20512.09,21016.465
1636773662.658,21323.61,21016.465
1636773662.956,20213.906,21016.465
1636773663.259,23796.85,20914.841
1636773663.558,16791.881,21323.61
1636773667.192,22053.787,20813.594
1636773667.199,20712.72,21118.466
1636773667.203,21426.756,20914.841
1636773667.207,20412.329,21118.466
1636773667.211,19821.413,20914.841
1636773667.215,26010.343,20612.22
1636773667.218,20512.09,21118.466
1636773667.235,22695.098,21016.465
1636773667.251,22587.203,21323.61
1636773667.27,22587.203,21118.466
1636773667.284,22803.401,21738.513
1636773667.294,21426.756,21843.211
1636773667.462,22803.401,21948.302
1636773667.761,20512.09,22053.787
1636773668.089,22372.631,22053.787
1636773668.363,21426.756,22372.631
1636773668.662,21634.205,21948.302
1636773668.973,21220.847,22053.787
1636773669.264,20312.935,21843.211
1636773669.563,21016.465,21634.205
1636773669.862,18771.189,21530.287
1636773670.19,21530.287,21118.466
1636773670.464,18959.024,21118.466
1636773670.763,20412.329,20712.72
1636773671.074,20712.72,20712.72
1636773671.365,19243.349,20512.09
1636773671.664,22803.401,20312.935
1636773671.963,19724.186,20412.329
1636773672.291,21843.211,20312.935
1636773672.565,19627.315,20412.329
1636773672.864,19918.997,20312.935
1636773673.176,22803.401,20412.329
1636773673.466,20115.242,20512.09
1636773673.765,22587.203,20612.22
1636773674.068,17852.114,20813.594
1636773674.396,20612.22,20512.09
1636773674.666,19243.349,20712.72
1636773674.965,20712.72,20312.935
1636773675.277,22159.669,20412.329
1636773675.568,19053.455,20512.09
1636773675.867,21843.211,20412.329
1636773676.17,19338.815,20612.22
1636773676.497,21118.466,20312.935
1636773676.768,18959.024,20412.329
1636773677.071,21323.61,20016.939
1636773677.382,21843.211,20412.329
1636773677.669,18864.936,20512.09
1636773677.972,21738.513,20412.329
1636773678.271,19530.797,20512.09
1636773678.598,21323.61,20312.935
1636773678.869,19724.186,20512.09
1636773679.44,21118.466,20312.935
1636773679.484,20016.939,20512.09
1636773679.77,19627.315,20412.329
1636773680.073,21738.513,20412.329
1636773680.372,17228.133,20512.09
1636773680.7,21738.513,20016.939
1636773680.974,19148.229,20312.935
1636773681.273,21634.205,20016.939
1636773681.584,20213.906,20213.906
1636773681.875,19148.229,20115.242
1636773682.174,19338.815,20115.242
1636773682.473,20813.594,19918.997
1636773682.805,21634.205,20016.939
1636773683.075,19530.797,20213.906
1636773683.375,21220.847,19918.997
1636773683.689,20412.329,20412.329
1636773683.976,20914.841,20213.906
1636773684.275,21843.211,20412.329
1636773684.574,20016.939,20412.329
1636773684.906,21426.756,20412.329
1636773685.176,19918.997,20612.22
1636773685.475,22587.203,20712.72
1636773685.791,22053.787,20914.841
1636773686.077,21220.847,20914.841
1636773686.377,21016.465,21118.466
1636773686.676,17942.539,21118.466
1636773687.007,22265.95,20813.594
1636773687.277,21118.466,20914.841
1636773687.577,21738.513,20914.841
1636773687.892,21016.465,21016.465
1636773688.179,22479.715,21016.465
1636773688.478,21426.756,21220.847
1636773688.781,20312.935,21118.466
1636773689.108,22479.715,21016.465
1636773689.379,20813.594,21118.466
1636773689.678,23909.352,21118.466
1636773689.997,22053.787,21738.513
1636773690.28,21426.756,21634.205
1636773690.579,21843.211,21738.513
1636773690.882,19434.631,21738.513
1636773691.214,22587.203,21530.287
1636773691.48,20016.939,21530.287
1636773691.783,22159.669,21426.756
1636773692.098,20612.22,21634.205
1636773692.381,18677.78,21426.756
1636773692.684,19918.997,21220.847
1636773692.983,19821.413,20813.594
1636773693.282,21530.287,20612.22
1636773693.581,21118.466,20612.22
1636773693.884,20712.72,20512.09
1636773694.183,21426.756,20612.22
1636773694.483,19724.186,20512.09
1636773694.785,22479.715,20512.09
1636773695.084,21948.302,20512.09
1636773695.383,21118.466,20712.72
1636773695.686,20412.329,20914.841
1636773695.985,19821.413,21016.465
1636773696.284,20813.594,21016.465
1636773696.587,19243.349,20914.841
1636773696.886,21118.466,20712.72
1636773697.185,20213.906,20712.72
1636773697.484,20512.09,20612.22
1636773697.787,19434.631,20712.72
1636773698.087,16533.826,20412.329
1636773698.385,21426.756,19821.413
1636773698.688,19434.631,19918.997
1636773698.987,22053.787,19821.413
1636773699.286,20412.329,20016.939
1636773699.589,20312.935,19918.997
1636773699.897,21016.465,20016.939
1636773700.188,19918.997,20016.939
1636773700.486,21118.466,20016.939
1636773700.79,20712.72,20115.242
1636773701.088,20813.594,20213.906
1636773701.388,21738.513,20712.72
1636773701.691,19724.186,20712.72
1636773701.989,21426.756,20712.72
1636773702.289,20312.935,20712.72
1636773702.592,20312.935,20612.22
1636773702.891,20412.329,20612.22
1636773703.19,18399.575,20612.22
1636773703.493,21016.465,20412.329
1636773703.792,18864.936,20412.329
1636773704.091,22265.95,20213.906
1636773704.39,19627.315,20412.329
1636773704.693,23021.241,20213.906
1636773704.992,21323.61,20512.09
1636773705.291,19053.455,20512.09
1636773705.594,20712.72,20312.935
1636773705.893,20213.906,20412.329
1636773706.192,22695.098,20412.329
1636773706.495,21323.61,20813.594
1636773706.794,20312.935,20813.594
1636773707.093,21426.756,21016.465
1636773707.396,20312.935,20914.841
1636773707.695,22159.669,21016.465
1636773707.994,20412.329,20914.841
1636773708.293,23240.74,20813.594
1636773708.596,19434.631,21220.847
1636773708.895,21323.61,21118.466
1636773709.194,19530.797,21220.847
1636773709.497,20813.594,20914.841
1636773709.796,20914.841,20813.594
1636773710.095,19338.815,20914.841
1636773710.398,21634.205,20712.72
1636773710.697,19053.455,20813.594
1636773710.996,21843.211,20512.09
1636773711.299,19724.186,20612.22
1636773711.598,18307.508,20312.935
1636773711.897,20412.329,20213.906
1636773712.196,18864.936,20115.242
1636773712.499,20712.72,20016.939
1636773712.798,19053.455,20016.939
1636773713.098,20213.906,19821.413
1636773713.4,19821.413,19918.997
1636773713.699,20115.242,19724.186
1636773713.999,21323.61,19821.413
1636773714.302,19627.315,19821.413
1636773714.601,22265.95,19821.413
1636773714.9,19530.797,20213.906
1636773715.203,22479.715,20115.242
1636773715.502,20213.906,20412.329
1636773715.801,20813.594,20412.329
1636773716.1,21118.466,20612.22
1636773716.403,20213.906,20712.72
1636773716.702,21323.61,20712.72
1636773717.001,18959.024,20813.594
1636773717.304,21738.513,20612.22
1636773717.603,19148.229,20813.594
1636773717.902,18771.189,20512.09
1636773718.205,18959.024,20412.329
1636773718.504,18864.936,20016.939
1636773718.803,21738.513,19918.997
1636773719.102,19627.315,20016.939
1636773719.405,20712.72,19821.413
1636773719.704,23021.241,19918.997
1636773720.003,19724.186,20115.242
1636773720.306,22053.787,20115.242
1636773720.605,18677.78,20213.906
1636773720.904,20914.841,20115.242
1636773721.207,20213.906,20312.935
1636773721.506,20115.242,20512.09
1636773721.805,22053.787,20612.22
1636773722.108,18864.936,20612.22
1636773722.407,21738.513,20512.09
1636773722.706,18677.78,20612.22
1636773723.005,22372.631,20213.906
1636773723.308,19724.186,20512.09
1636773723.607,20914.841,20213.906
1636773723.906,21738.513,20512.09
1636773724.209,20412.329,20612.22
1636773724.508,20612.22,20612.22
1636773724.808,19724.186,20612.22
1636773725.11,21426.756,20412.329
1636773725.409,19918.997,20712.72
1636773725.709,20712.72,20512.09
1636773726.011,20213.906,20712.72
1636773726.311,21843.211,20512.09
1636773726.61,23684.778,20712.72
1636773726.909,20412.329,20914.841
1636773727.212,22803.401,20813.594
1636773727.511,21118.466,21016.465
1636773727.81,20712.72,21118.466
1636773728.113,20213.906,21220.847
1636773728.412,19243.349,21118.466
1636773728.711,21118.466,21016.465
1636773729.014,17672.235,21016.465
1636773729.313,22479.715,20813.594
1636773729.612,21738.513,20813.594
1636773729.915,23130.782,20712.72
1636773730.214,22265.95,20914.841
1636773730.513,19918.997,20914.841
1636773730.812,23573.133,20712.72
1636773731.115,20512.09,21016.465
1636773731.414,23351.116,21016.465
1636773731.713,20213.906,21426.756
1636773732.016,22587.203,21426.756
1636773732.315,21530.287,21948.302
1636773732.614,20914.841,21843.211
1636773732.917,23240.74,21738.513
1636773733.216,21118.466,21738.513
1636773733.515,24022.285,21634.205
1636773733.814,20813.594,22053.787
1636773734.117,22803.401,21738.513
1636773734.416,19918.997,21948.302
1636773734.715,19338.815,21634.205
1636773735.018,19627.315,21530.287
1636773735.317,19243.349,21220.847
1636773735.616,21530.287,21016.465
1636773735.919,20115.242,21118.466
1636773736.218,20115.242,20813.594
1636773736.517,22695.098,20712.72
1636773736.82,21738.513,20512.09
1636773737.119,23684.778,20612.22
1636773737.418,21948.302,20712.72
1636773737.718,21426.756,20914.841
1636773738.021,23240.74,21118.466
1636773738.319,21118.466,21530.287
1636773738.618,23351.116,21738.513
1636773738.922,20612.22,21843.211
1636773739.221,20312.935,21948.302
1636773739.52,19918.997,21948.302
1636773739.823,18399.575,21634.205
1636773740.122,20312.935,21323.61
1636773740.421,18677.78,21016.465
1636773740.724,21843.211,20612.22
1636773741.023,19821.413,20712.72
1636773741.322,21843.211,20312.935
1636773741.621,24135.652,20412.329
1636773741.924,22265.95,20512.09
1636773742.223,22053.787,20612.22
1636773742.522,24825.084,20813.594
1636773742.825,23684.778,21323.61
1636773743.124,23351.116,21843.211
1636773743.423,24478.376,22159.669
1636773743.726,24249.454,22695.098
1636773744.025,24249.454,23021.241
1636773744.324,25175.837,23461.913
1636773744.627,25058.466,23796.85
1636773744.926,24478.376,23909.352
1636773745.225,25530.697,24135.652
1636773745.524,25175.837,24478.376
1636773745.827,23909.352,24478.376
1636773746.126,25649.907,24478.376
1636773746.425,24249.454,24709.069
1636773746.728,22912.115,24709.069
1636773747.027,25058.466,24593.5
1636773747.326,24249.454,24709.069
1636773747.629,23909.352,24593.5
1636773747.928,24941.549,24478.376
1636773748.227,26375.037,24478.376
1636773748.526,23909.352,24593.5
1636773748.829,24478.376,24478.376
1636773749.128,24022.285,24478.376
1636773749.427,23461.913,24363.695
1636773749.73,24825.084,24249.454
1636773750.03,25058.466,24478.376
1636773750.329,24249.454,24478.376
1636773750.631,25411.95,24478.376
1636773750.93,26497.56,24593.5
1636773751.23,23909.352,24709.069
1636773751.532,26131.431,24478.376
1636773751.832,25293.664,24709.069
1636773752.131,24249.454,24825.084
1636773752.43,23796.85,24825.084
1636773752.733,25058.466,24825.084
1636773753.032,24709.069,24941.549
1636773753.331,24135.652,24825.084
1636773753.634,25058.466,24825.084
1636773753.933,24941.549,24825.084
1636773754.232,24363.695,24709.069
1636773754.535,26744.057,24709.069
1636773754.834,25175.837,24825.084
1636773755.133,24249.454,24709.069
1636773755.436,26744.057,24709.069
1636773755.735,25058.466,25058.466
1636773756.034,24135.652,25058.466
1636773756.333,25175.837,24941.549
1636773756.636,24941.549,25058.466
1636773756.935,24363.695,25058.466
1636773757.234,25293.664,25058.466
1636773757.537,25293.664,25175.837
1636773757.836,25411.95,24941.549
1636773758.135,24249.454,25058.466
1636773758.438,25058.466,25058.466
1636773758.737,24249.454,24825.084
1636773759.036,23021.241,24709.069
1636773759.339,25411.95,24593.5
1636773759.638,24478.376,24709.069
1636773759.937,23573.133,24593.5
1636773760.236,24825.084,24593.5
1636773760.539,25293.664,24478.376
1636773760.838,23796.85,24478.376
1636773761.137,26252.995,24363.695
1636773761.44,25649.907,24478.376
1636773761.739,23573.133,24593.5
1636773762.038,24825.084,24478.376
1636773762.341,25411.95,24709.069
1636773762.64,24825.084,24709.069
1636773762.939,24941.549,24709.069
1636773763.238,26131.431,24825.084
1636773763.542,23130.782,25058.466
1636773763.841,23573.133,24825.084
1636773764.14,25293.664,24709.069
1636773764.442,24135.652,24709.069
1636773764.742,22803.401,24478.376
1636773765.041,25175.837,24478.376
1636773765.345,25175.837,24478.376
1636773765.642,22053.787,24478.376
1636773765.941,25293.664,24135.652
1636773766.245,23351.116,24249.454
1636773766.544,23573.133,23909.352
1636773766.843,26497.56,24022.285
1636773767.142,24709.069,24249.454
1636773767.445,23796.85,24249.454
1636773767.744,24709.069,24135.652
1636773768.043,25175.837,24363.695
1636773768.346,24363.695,24363.695
1636773768.645,25293.664,24249.454
1636773768.944,24593.5,24593.5
1636773769.247,24135.652,24593.5
1636773769.546,24363.695,24593.5
1636773769.845,25649.907,24709.069
1636773770.148,23021.241,24593.5
1636773770.447,25058.466,24478.376
1636773770.746,23573.133,24593.5
1636773771.045,22912.115,24478.376
1636773771.348,24709.069,24249.454
1636773771.647,23796.85,24249.454
1636773771.946,22372.631,24135.652
1636773772.249,25293.664,23909.352
1636773772.548,23573.133,24022.285
1636773772.847,23909.352,23909.352
1636773773.15,26868.037,23796.85
1636773773.449,23796.85,24135.652
1636773773.748,25530.697,24022.285
1636773774.051,27242.932,24249.454
1636773774.35,25889.728,24593.5
1636773774.649,25769.583,24709.069
1636773774.948,24941.549,24941.549
1636773775.251,24022.285,25175.837
1636773775.55,23909.352,25058.466
1636773775.849,24941.549,25058.466
1636773776.152,24825.084,25175.837
1636773776.451,24249.454,25058.466
1636773776.751,24709.069,25058.466
1636773777.053,24022.285,24941.549
1636773777.353,24363.695,24709.069
1636773777.652,24022.285,24478.376
1636773777.955,25649.907,24363.695
1636773778.254,25058.466,24363.695
1636773778.553,24593.5,24478.376
1636773778.852,25293.664,24593.5
1636773779.155,25411.95,24593.5
1636773779.454,23351.116,24709.069
1636773779.753,26252.995,24593.5
1636773780.056,25058.466,24709.069
1636773780.355,23130.782,24825.084
1636773780.654,26252.995,24709.069
1636773780.957,24249.454,24941.549
1636773781.256,23796.85,24825.084
1636773781.555,25530.697,24709.069
1636773781.854,23684.778,24709.069
1636773782.157,23909.352,24593.5
1636773782.456,23240.74,24478.376
1636773782.755,24135.652,24478.376
1636773783.058,22803.401,24249.454
1636773783.357,25175.837,24022.285
1636773783.656,23351.116,24249.454
1636773783.959,23240.74,23909.352
1636773784.258,24709.069,23796.85
1636773784.557,24593.5,23909.352
1636773784.86,23909.352,23796.85
1636773785.159,23240.74,23796.85
1636773785.458,23461.913,23796.85
1636773785.757,23684.778,23796.85
1636773786.06,24135.652,23796.85
1636773786.359,21634.205,23909.352
1636773786.658,24478.376,23573.133
1636773786.961,23351.116,23684.778
1636773787.26,20813.594,23684.778
1636773787.559,24825.084,23240.74
1636773787.862,22372.631,23240.74
1636773788.161,21118.466,23130.782
1636773788.46,23021.241,22912.115
1636773788.763,22803.401,22912.115
1636773789.062,22803.401,22803.401
1636773789.362,24135.652,22695.098
1636773789.661,21016.465,22912.115
1636773789.963,23461.913,22587.203
1636773790.263,22587.203,22587.203
1636773790.562,20712.72,22695.098
1636773790.865,24022.285,22372.631
1636773791.164,20512.09,22479.715
1636773791.463,22803.401,22479.715
1636773791.766,23021.241,22372.631
1636773792.065,21738.513,22479.715
1636773792.364,22803.401,22372.631
1636773792.667,22587.203,22159.669
1636773792.966,21220.847,22372.631
1636773793.265,22479.715,22159.669
1636773793.564,18864.936,22159.669
1636773793.867,21843.211,21948.302
1636773794.166,21634.205,21738.513
1636773794.465,20412.329,21843.211
1636773794.768,23796.85,21634.205
1636773795.067,21634.205,21634.205
1636773795.366,22265.95,21634.205
1636773795.669,21634.205,21634.205
1636773795.968,19821.413,21530.287
1636773796.267,22912.115,21323.61
1636773796.566,20914.841,21426.756
1636773796.869,21530.287,21634.205
1636773797.168,21634.205,21634.205
1636773797.467,20914.841,21634.205
1636773797.77,22159.669,21634.205
1636773798.069,22372.631,21530.287
1636773798.368,19434.631,21530.287
1636773798.671,21634.205,21220.847
1636773798.97,20115.242,21220.847
1636773799.269,22479.715,21323.61
1636773799.572,21323.61,21220.847
1636773799.871,19724.186,21323.61
1636773800.171,21426.756,21118.466
1636773800.469,19243.349,21118.466
1636773800.772,23351.116,20914.841
1636773801.071,21843.211,21016.465
1636773801.371,20712.72,21016.465
1636773801.673,22479.715,21118.466
1636773801.973,22372.631,21220.847
1636773802.271,21634.205,21426.756
1636773802.574,23461.913,21323.61
1636773802.873,19918.997,21530.287
1636773803.173,22479.715,21530.287
1636773803.476,21323.61,21634.205
1636773803.775,19724.186,21843.211
1636773804.074,21530.287,21530.287
1636773804.373,20312.935,21530.287
1636773804.676,22265.95,21426.756
1636773804.975,22372.631,21426.756
1636773805.274,20312.935,21426.756
1636773805.577,21948.302,21323.61
1636773805.876,20813.594,21118.466
1636773806.175,21948.302,21220.847
1636773806.478,21323.61,21220.847
1636773806.777,21843.211,21220.847
1636773807.076,23796.85,21426.756
1636773807.375,23573.133,21634.205
1636773807.678,22265.95,21948.302
1636773807.977,25889.728,21948.302
1636773808.276,22803.401,22265.95
1636773808.579,22265.95,22587.203
1636773808.878,23909.352,22587.203
1636773809.177,21948.302,22912.115
1636773809.48,23909.352,22912.115
1636773809.779,23021.241,23130.782
1636773810.078,20412.329,23240.74
1636773810.381,22912.115,22912.115
1636773810.68,21426.756,22803.401
1636773810.979,22587.203,22803.401
1636773811.278,22695.098,22479.715
1636773811.581,19243.349,22479.715
1636773811.88,24249.454,22159.669
1636773812.179,20016.939,22159.669
1636773812.482,18307.508,21948.302
1636773812.781,21016.465,21426.756
1636773813.08,20914.841,21220.847
1636773813.383,23573.133,21220.847
1636773813.682,20115.242,21323.61
1636773813.981,21323.61,21118.466
1636773814.284,20512.09,21016.465
1636773814.583,19148.229,20813.594
1636773814.883,21323.61,20813.594
1636773815.182,20213.906,20512.09
1636773815.485,22053.787,20612.22
1636773815.784,20914.841,20914.841
1636773816.083,19053.455,20914.841
1636773816.386,21118.466,20712.72
1636773816.685,19724.186,20512.09
1636773816.984,21323.61,20512.09
1636773817.287,20512.09,20512.09
1636773817.586,21016.465,20512.09
1636773817.885,21843.211,20712.72
1636773818.188,20512.09,20712.72
1636773818.487,23909.352,20712.72
1636773818.786,21948.302,20914.841
1636773819.085,24593.5,21016.465
1636773819.388,23130.782,21530.287
1636773819.687,21016.465,21738.513
1636773819.986,22695.098,21948.302
1636773820.289,19434.631,22053.787
1636773820.588,23573.133,21948.302
1636773820.887,20016.939,22159.669
1636773821.19,22372.631,21948.302
1636773821.489,20914.841,22159.669
1636773821.788,20813.594,21843.211
1636773822.087,20016.939,21738.513
1636773822.39,19724.186,21323.61
1636773822.689,21426.756,21016.465
1636773822.988,19918.997,21016.465
1636773823.291,22159.669,20712.72
1636773823.59,20213.906,21016.465
1636773823.889,19053.455,20712.72
1636773824.192,21016.465,20612.22
1636773824.491,20312.935,20512.09
1636773824.79,23021.241,20412.329
1636773825.093,20512.09,20612.22
1636773825.392,22053.787,20712.72
1636773825.691,21738.513,20914.841
1636773825.99,20914.841,20914.841
1636773826.293,21948.302,21016.465
1636773826.592,18124.367,21016.465
1636773826.892,23240.74,20813.594
1636773827.194,18771.189,21220.847
1636773827.493,20512.09,21016.465
1636773827.793,20914.841,21016.465
1636773828.095,19627.315,20813.594
1636773828.395,20312.935,20712.72
1636773828.694,17672.235,20512.09
1636773828.997,22587.203,20115.242
1636773829.296,18033.289,20312.935
1636773829.595,21016.465,19918.997
1636773829.894,18399.575,20213.906
1636773830.197,19434.631,19724.186
1636773830.496,17672.235,19724.186
1636773830.795,21016.465,19434.631
1636773831.098,18215.772,19530.797
1636773831.397,20512.09,19338.815
1636773831.696,16705.557,19338.815
1636773831.999,18584.71,19243.349
1636773832.298,17228.133,18864.936
1636773832.597,19148.229,18771.189
1636773832.896,17672.235,18584.71
1636773833.199,18959.024,18584.71
1636773833.498,17582.778,18491.975
1636773833.797,17052.7,18491.975
1636773834.1,15365.068,18124.367
1636773834.399,15942.244,17762.014
1636773834.698,12181.794,17316.32
1636773835.001,14801.869,16878.512
1636773835.3,12041.364,16448.415
1636773835.599,14722.529,15942.244
1636773835.902,11901.887,15528.531
1636773836.201,13266.165,14881.486
1636773836.5,9546.253,14329.941
1636773836.799,11901.887,13564.876
1636773837.102,10364.078,13044.812
1636773837.401,11557.315,12537.088
1636773837.7,9794.092,12111.459
1636773838.003,10493.105,11901.887
1636773838.302,9607.901,11489.099
1636773838.601,10623.005,11218.54
1636773838.904,10428.482,10819.507
1636773839.203,13118.343,10688.285
1636773839.502,10885.452,10688.285
1636773839.805,11285.836,10819.507
1636773840.104,11489.099,10753.785
1636773840.403,12680.913,10885.452
1636773840.703,11901.887,10951.62
1636773841.006,11285.836,11218.54
1636773841.305,9423.577,11285.836
1636773841.604,11763.355,11285.836
1636773841.907,11285.836,11353.361
1636773842.206,11489.099,11489.099
1636773842.505,10885.452,11285.836
1636773842.808,11084.628,11285.836
1636773843.107,11218.54,11285.836
1636773843.406,12111.459,11285.836
1636773843.709,10753.785,11218.54
1636773844.008,11901.887,11084.628
1636773844.307,9982.172,11151.47
1636773844.606,11901.887,11218.54
1636773844.909,10623.005,11218.54
1636773845.208,11625.762,11151.47
1636773845.507,10557.945,11151.47
1636773845.81,11285.836,11151.47
1636773846.109,11285.836,11151.47
1636773846.408,11285.836,11151.47
1636773846.711,11084.628,11084.628
1636773847.01,11625.762,11084.628
1636773847.309,11285.836,11084.628
1636773847.608,11763.355,11218.54
1636773847.911,11018.011,11218.54
1636773848.21,10235.917,11218.54
1636773848.509,11218.54,11084.628
1636773848.812,11353.361,11151.47
1636773849.111,11625.762,11151.47
1636773849.41,12041.364,11218.54
1636773849.713,10364.078,11285.836
1636773850.012,10885.452,11218.54
1636773850.311,12898.504,11151.47
1636773850.614,11151.47,11285.836
1636773850.913,11084.628,11218.54
1636773851.212,10428.482,11218.54
1636773851.511,10108.618,11285.836
1636773851.814,10235.917,11151.47
1636773852.113,10753.785,11018.011
1636773852.413,10688.285,10951.62
1636773852.752,11084.628,10819.507
1636773853.014,13564.876,10885.452
1636773853.314,10885.452,11151.47
1636773853.616,11151.47,10951.62
1636773853.916,12252.369,10951.62
1636773854.215,11625.762,11084.628
1636773854.518,13118.343,11151.47
1636773854.817,13640.199,11489.099
1636773855.116,13944.103,11832.503
1636773855.415,11421.115,12111.459
1636773855.718,10623.005,12181.794
1636773856.017,14329.941,12181.794
1636773856.316,13944.103,12252.369
1636773856.619,13340.458,12537.088
1636773856.918,11489.099,12753.195
1636773857.217,13489.813,12680.913
1636773857.52,12680.913,12898.504
1636773857.819,11557.315,12825.725
1636773858.118,12394.242,12608.877
1636773858.418,14329.941,12465.543
1636773858.72,14174.803,12753.195
1636773859.019,9484.812,13118.343
1636773859.318,14329.941,12608.877
1636773859.621,12465.543,12608.877
1636773859.921,14643.464,12537.088
1636773860.219,14329.941,12898.504
1636773860.522,15283.765,12971.532
1636773860.821,15202.746,13192.127
1636773861.12,15610.693,13564.876
1636773861.423,17316.32,13867.733
1636773861.722,14174.803,14174.803
1636773862.021,17493.641,14174.803
1636773862.32,16619.539,15041.555
1636773862.623,16878.512,15202.746
1636773862.922,16363.307,15693.144
1636773863.221,10364.078,15858.918
1636773863.524,16278.499,15365.068
1636773863.852,14643.464,15528.531
1636773864.122,14564.674,15446.656
1636773864.425,15693.144,15365.068
1636773864.737,14801.869,15202.746
1636773865.023,16878.512,15283.765
1636773865.326,16025.864,15202.746
1636773865.625,16705.557,15122.009
1636773865.953,15122.009,15122.009
1636773866.224,13715.782,14961.381
1636773866.527,15365.068,15365.068
1636773866.839,13340.458,15283.765
1636773867.124,15446.656,15122.009
1636773867.427,14801.869,15283.765
1636773867.727,14722.529,15122.009
1636773868.054,14486.158,15122.009
1636773868.329,17140.26,14881.486
1636773868.628,13867.733,15041.555
1636773868.939,16025.864,14722.529
1636773869.23,13944.103,14801.869
1636773869.529,14643.464,14881.486
1636773869.828,14097.637,14801.869
1636773870.155,16533.826,14881.486
1636773870.43,16363.307,14961.381
1636773870.729,16025.864,15122.009
1636773871.04,14643.464,15283.765
1636773871.331,16109.778,15283.765
1636773871.63,16878.512,15202.746
1636773871.929,17140.26,15446.656
1636773872.257,15365.068,15610.693
1636773872.531,16448.415,15693.144
1636773872.83,15202.746,15942.244
1636773873.141,16791.881,16025.864
1636773873.432,15122.009,16025.864
1636773873.731,16705.557,15942.244
1636773874.03,14486.158,16025.864
1636773874.358,16363.307,15942.244
1636773874.632,14486.158,16025.864
1636773874.931,15942.244,15775.886
1636773875.243,13791.627,15610.693
1636773875.533,15122.009,15446.656
1636773875.832,15283.765,15365.068
1636773876.135,16533.826,15365.068
1636773876.463,15041.555,15365.068
1636773876.733,16448.415,15283.765
1636773877.032,15041.555,15283.765
1636773877.348,18033.289,15365.068
1636773877.634,16025.864,15528.531
1636773877.934,17672.235,15693.144
1636773878.237,16193.99,15858.918
1636773878.564,17404.822,16109.778
1636773878.835,15775.886,16278.499
1636773879.137,17582.778,16363.307
1636773879.449,16791.881,16448.415
1636773879.736,17493.641,16619.539
1636773880.039,18959.024,16705.557
1636773880.338,18124.367,17140.26
1636773880.665,19530.797,17140.26
1636773880.936,17316.32,17493.641
1636773881.239,15775.886,17493.641
1636773881.55,18307.508,17404.822
1636773881.837,16193.99,17493.641
1636773882.14,19627.315,17582.778
1636773882.439,19053.455,17762.014
1636773882.767,19148.229,17942.539
1636773883.041,17852.114,18124.367
1636773883.34,19243.349,18033.289
1636773883.651,21530.287,18124.367
1636773883.938,18864.936,18307.508
1636773884.241,18864.936,18491.975
1636773884.54,17942.539,18771.189
1636773884.839,16705.557,18771.189
1636773885.142,21843.211,18771.189
1636773885.441,19530.797,19053.455
1636773885.74,19338.815,19053.455
1636773886.043,19338.815,19053.455
1636773886.342,18677.78,19243.349
1636773886.641,21634.205,19148.229
1636773886.944,19053.455,19148.229
1636773887.243,18771.189,19243.349
1636773887.542,22159.669,19243.349
1636773887.841,23461.913,19627.315
1636773888.144,23021.241,20312.935
1636773888.443,23684.778,20412.329
1636773888.742,24022.285,20813.594
1636773889.045,23796.85,21220.847
1636773889.344,23461.913,21738.513
1636773889.643,22803.401,22159.669
1636773889.946,24593.5,22265.95
1636773890.245,25530.697,22912.115
1636773890.544,24022.285,23573.133
1636773890.847,25058.466,23796.85
1636773891.146,24478.376,23909.352
1636773891.446,23021.241,24135.652
1636773891.745,24478.376,24022.285
1636773892.047,26375.037,24022.285
1636773892.347,23909.352,24363.695
1636773892.646,23461.913,24363.695
1636773892.949,25769.583,24478.376
1636773893.248,25058.466,24593.5
1636773893.547,24249.454,24478.376
1636773893.85,23461.913,24478.376
1636773894.149,23684.778,24363.695
1636773894.448,25649.907,24249.454
1636773894.747,25058.466,24593.5
1636773895.05,25058.466,24593.5
1636773895.349,22479.715,24478.376
1636773895.648,22912.115,24363.695
1636773895.951,23351.116,24249.454
1636773896.25,22912.115,24022.285
1636773896.549,21948.302,23796.85
1636773896.852,23240.74,23573.133
1636773897.151,23909.352,23573.133
1636773897.45,23021.241,23573.133
1636773897.753,22912.115,23351.116
1636773898.052,19724.186,23130.782
1636773898.351,22053.787,22587.203
1636773898.65,18771.189,22479.715
1636773898.953,18959.024,22053.787
1636773899.252,17852.114,21634.205
1636773899.551,16965.451,21118.466
1636773899.854,16878.512,20612.22
1636773900.153,17582.778,19918.997
1636773900.452,17404.822,19338.815
1636773900.755,16619.539,18771.189
1636773901.054,18307.508,18215.772
1636773901.353,15528.531,18033.289
1636773901.656,19724.186,17404.822
1636773901.955,16363.307,17493.641
1636773902.254,17052.7,17228.133
1636773902.553,17052.7,17140.26
1636773902.856,16109.778,17228.133
1636773903.155,19243.349,17140.26
1636773903.455,17316.32,17228.133
1636773903.757,19243.349,17228.133
1636773904.056,17942.539,17493.641
1636773904.356,19053.455,17493.641
1636773904.658,17942.539,17852.114
1636773904.958,17493.641,17672.235
1636773905.257,18677.78,17762.014
1636773905.556,17316.32,17942.539
1636773905.859,19530.797,17942.539
1636773906.158,18771.189,18307.508
1636773906.457,18771.189,18307.508
1636773906.76,18033.289,18399.575
1636773907.059,17140.26,18307.508
1636773907.358,19530.797,18215.772
1636773907.661,17493.641,18307.508
1636773907.96,18307.508,18215.772
1636773908.259,18584.71,18307.508
1636773908.562,19053.455,18307.508
1636773908.861,18959.024,18491.975
1636773909.16,19148.229,18399.575
1636773909.459,20412.329,18491.975
1636773909.762,19243.349,18584.71
1636773910.061,18124.367,18771.189
1636773910.36,21738.513,18864.936
1636773910.663,16363.307,19053.455
1636773910.962,20412.329,18959.024
1636773911.261,18959.024,19148.229
1636773911.564,18864.936,19148.229
1636773911.863,19338.815,19148.229
1636773912.162,17582.778,19148.229
1636773912.465,20712.72,19053.455
1636773912.764,18677.78,19053.455
1636773913.063,20115.242,18959.024
1636773913.362,17672.235,19148.229
1636773913.665,17672.235,18771.189
1636773913.964,18959.024,18959.024
1636773914.263,17316.32,18771.189
1636773914.566,20016.939,18584.71
1636773914.865,18033.289,18771.189
1636773915.164,19243.349,18584.71
1636773915.467,18959.024,18771.189
1636773915.766,17762.014,18584.71
1636773916.065,19821.413,18491.975
1636773916.368,18215.772,18491.975
1636773916.667,18584.71,18584.71
1636773916.967,18864.936,18677.78
1636773917.266,16878.512,18584.71
1636773917.568,19243.349,18584.71
1636773917.868,17582.778,18491.975
1636773918.166,19148.229,18491.975
1636773918.469,17582.778,18491.975
1636773918.768,17672.235,18307.508
1636773919.068,19724.186,18307.508
1636773919.371,18771.189,18307.508
1636773919.67,19821.413,18307.508
1636773919.969,18399.575,18491.975
1636773920.268,15202.746,18399.575
1636773920.571,18677.78,18215.772
1636773920.927,18677.78,18215.772
1636773921.169,18771.189,18307.508
1636773921.472,20914.841,18215.772
1636773921.771,19530.797,18584.71
1636773922.07,18033.289,18771.189
1636773922.373,18491.975,18584.71
1636773922.672,20612.22,18584.71
1636773922.971,20813.594,18677.78
1636773923.274,20016.939,18864.936
1636773923.573,24022.285,19434.631
1636773923.872,21323.61,19918.997
1636773924.171,22159.669,20115.242
1636773924.474,20612.22,20512.09
1636773924.773,19627.315,20512.09
1636773925.072,22372.631,20512.09
1636773925.375,19821.413,20914.841
1636773925.674,25058.466,21016.465
1636773925.973,22372.631,21530.287
1636773926.276,21738.513,21634.205
1636773926.575,21220.847,21843.211
1636773926.874,20312.935,21530.287
1636773927.177,22265.95,21426.756
1636773927.476,21530.287,21426.756
1636773927.775,21323.61,21530.287
1636773928.074,23684.778,21738.513
1636773928.377,21426.756,21843.211
1636773928.676,25530.697,22053.787
1636773928.976,23351.116,22053.787
1636773929.278,19918.997,22159.669
1636773929.578,23021.241,21948.302
1636773929.877,23573.133,22159.669
1636773930.18,24363.695,22479.715
1636773930.479,24249.454,22695.098
1636773930.778,23130.782,22912.115
1636773931.077,26010.343,23130.782
1636773931.38,23573.133,23351.116
1636773931.679,25175.837,23573.133
1636773931.978,23796.85,23573.133
1636773932.281,22159.669,23573.133
1636773932.58,26131.431,23796.85
1636773932.879,22479.715,24135.652
1636773933.182,25530.697,24022.285
1636773933.481,21323.61,24135.652
1636773933.78,21016.465,23796.85
1636773934.083,24249.454,23573.133
1636773934.382,20813.594,23461.913
1636773934.681,24363.695,23130.782
1636773934.98,22695.098,23130.782
1636773935.283,23684.778,23021.241
1636773935.582,22803.401,23130.782
1636773935.881,20712.72,22803.401
1636773936.184,23130.782,22587.203
1636773936.483,18771.189,22372.631
1636773936.782,21426.756,22159.669
1636773937.085,20312.935,22159.669
1636773937.384,21634.205,21738.513
1636773937.683,22159.669,21843.211
1636773937.986,20512.09,21634.205
1636773938.285,22053.787,21426.756
1636773938.584,20115.242,21323.61
1636773938.883,19821.413,21016.465
1636773939.186,17672.235,20914.841
1636773939.485,20612.22,20412.329
1636773939.784,19627.315,20512.09
1636773940.087,22912.115,20412.329
1636773940.386,20213.906,20612.22
1636773940.686,23130.782,20512.09
1636773940.988,19724.186,20612.22
1636773941.287,21220.847,20512.09
1636773941.587,19530.797,20412.329
1636773941.886,19530.797,20312.935
1636773942.189,18215.772,20312.935
1636773942.488,21948.302,20412.329
1636773942.787,17493.641,20512.09
1636773943.09,20412.329,20312.935
1636773943.389,17140.26,20016.939
1636773943.688,18677.78,19724.186
1636773943.991,18491.975,19338.815
1636773944.29,21220.847,19148.229
1636773944.589,20612.22,19148.229
1636773944.892,21323.61,19243.349
1636773945.191,20016.939,19434.631
1636773945.49,20612.22,19627.315
1636773945.789,21634.205,19530.797
1636773946.092,21016.465,19918.997
1636773946.391,21530.287,20016.939
1636773946.69,20312.935,20412.329
1636773946.993,21843.211,20612.22
1636773947.292,21634.205,20914.841
1636773947.591,20213.906,21016.465
1636773947.894,21843.211,20914.841
1636773948.193,19434.631,21016.465
1636773948.492,22587.203,20914.841
1636773948.795,20115.242,21118.466
1636773949.094,23573.133,21016.465
1636773949.393,20512.09,21220.847
1636773949.692,21948.302,21118.466
1636773949.995,22587.203,21323.61
1636773950.294,18677.78,21323.61
1636773950.593,22912.115,21016.465
1636773950.896,20712.72,21323.61
1636773951.195,23461.913,21220.847
1636773951.494,19724.186,21634.205
1636773951.797,21426.756,21323.61
1636773952.096,20813.594,21426.756
1636773952.395,19530.797,21220.847
1636773952.694,23351.116,21118.466
1636773952.997,19530.797,21220.847
1636773953.296,23573.133,20914.841
1636773953.595,21530.287,21426.756
1636773953.898,24135.652,21323.61
1636773954.198,21634.205,21634.205
1636773954.497,22587.203,21426.756
1636773954.799,22587.203,21738.513
1636773955.099,21016.465,21843.211
1636773955.398,23021.241,21843.211
1636773955.701,20213.906,22265.95
1636773956.0,23796.85,21948.302
1636773956.299,19627.315,22372.631
1636773956.598,21530.287,21948.302
1636773956.901,19434.631,21948.302
1636773957.2,21948.302,21426.756
1636773957.499,21843.211,21530.287
1636773957.802,21118.466,21426.756
1636773958.101,20312.935,21323.61
1636773958.4,21843.211,21220.847
1636773958.703,23461.913,21118.466
1636773959.002,19053.455,21426.756
1636773959.301,22265.95,20914.841
1636773959.604,21738.513,21220.847
1636773959.903,22479.715,21220.847
1636773960.202,21948.302,21530.287
1636773960.501,19918.997,21530.287
1636773960.804,22479.715,21323.61
1636773961.103,19724.186,21426.756
1636773961.402,23130.782,21426.756
1636773961.705,20016.939,21530.287
1636773962.004,21530.287,21220.847
1636773962.303,20115.242,21426.756
1636773962.606,22159.669,21220.847
1636773962.905,21948.302,21323.61
1636773963.204,19724.186,21220.847
1636773963.503,21323.61,21016.465
1636773963.806,19530.797,21118.466
1636773964.105,20914.841,20813.594
1636773964.404,19627.315,21016.465
1636773964.707,22587.203,20612.22
1636773965.006,19627.315,20914.841
1636773965.305,21118.466,20712.72
1636773965.608,15528.531,20813.594
1636773965.907,21634.205,20115.242
1636773966.206,19918.997,20016.939
1636773966.509,21530.287,20115.242
1636773966.808,20312.935,20115.242
1636773967.107,19821.413,20213.906
1636773967.407,22053.787,20016.939
1636773967.709,21220.847,20312.935
1636773968.009,22912.115,20213.906
1636773968.308,22912.115,20512.09
1636773968.611,21948.302,20612.22
1636773968.91,24709.069,21323.61
1636773969.209,20914.841,21634.205
1636773969.512,24249.454,21738.513
1636773969.811,21220.847,22053.787
1636773970.11,22265.95,22159.669
1636773970.413,20016.939,22372.631
1636773970.712,21220.847,22159.669
1636773971.011,23351.116,22159.669
1636773971.31,21323.61,22159.669
1636773971.613,23684.778,22053.787
1636773971.912,21118.466,22159.669
1636773972.211,23351.116,21843.211
1636773972.514,21530.287,22053.787
1636773972.813,21530.287,21843.211
1636773973.112,21016.465,21843.211
1636773973.415,23573.133,21738.513
1636773973.714,23461.913,22053.787
1636773974.013,22587.203,22372.631
1636773974.312,23240.74,22265.95
1636773974.615,20712.72,22479.715
1636773974.914,24022.285,22159.669
1636773975.213,21948.302,22479.715
1636773975.516,22265.95,22265.95
1636773975.815,21948.302,22372.631
1636773976.114,23021.241,22372.631
1636773976.417,23240.74,22587.203
1636773976.716,20712.72,22587.203
1636773977.015,23240.74,22265.95
1636773977.318,19530.797,22372.631
1636773977.617,23909.352,21948.302
1636773977.916,21323.61,22265.95
1636773978.215,23684.778,22053.787
1636773978.518,22912.115,22159.669
1636773978.817,20412.329,22265.95
1636773979.116,22265.95,22159.669
1636773979.419,20813.594,22053.787
1636773979.718,21426.756,21843.211
1636773980.018,20914.841,21843.211
1636773980.32,22479.715,21634.205
1636773980.62,20914.841,21948.302
1636773980.919,19338.815,21634.205
1636773981.221,22587.203,21426.756
1636773981.521,18677.78,21323.61
1636773981.82,21948.302,20914.841
1636773982.119,19434.631,21016.465
1636773982.422,23021.241,20813.594
1636773982.721,20213.906,21016.465
1636773983.02,22803.401,20914.841
1636773983.323,21118.466,21016.465
1636773983.622,21843.211,20914.841
1636773983.921,21843.211,21016.465
1636773984.224,19821.413,21220.847
1636773984.523,23909.352,21016.465
1636773984.822,19918.997,21530.287
1636773985.121,22265.95,21323.61
1636773985.424,19627.315,21634.205
1636773985.723,19918.997,21220.847
1636773986.022,19821.413,21220.847
1636773986.325,20712.72,20914.841
1636773986.624,20512.09,20914.841
1636773986.923,18864.936,20712.72
1636773987.226,22372.631,20412.329
1636773987.525,18864.936,20712.72
1636773987.824,21738.513,20213.906
1636773988.127,20213.906,20412.329
1636773988.426,21738.513,20213.906
1636773988.725,21118.466,20412.329
1636773989.024,22372.631,20512.09
1636773989.327,20412.329,20813.594
1636773989.626,22695.098,20712.72
1636773989.925,21738.513,20914.841
1636773990.228,21738.513,21220.847
1636773990.527,20813.594,21220.847
1636773990.826,19243.349,21426.756
1636773991.129,20412.329,21118.466
1636773991.428,19530.797,21118.466
1636773991.727,22479.715,20914.841
1636773992.03,20813.594,21118.466
1636773992.329,22587.203,20914.841
1636773992.628,20612.22,21118.466
1636773992.928,19148.229,20914.841
1636773993.23,22587.203,20712.72
1636773993.53,18215.772,20712.72
1636773993.829,21634.205,20512.09
1636773994.132,20115.242,20712.72
1636773994.431,22159.669,20712.72
1636773994.73,20115.242,20914.841
1636773995.033,21426.756,20712.72
1636773995.332,20813.594,20813.594
1636773995.631,21220.847,20612.22
1636773995.93,22053.787,20712.72
1636773996.233,20412.329,20914.841
1636773996.532,23130.782,20712.72
1636773996.831,18864.936,21220.847
1636773997.134,21530.287,20914.841
1636773997.433,19338.815,21118.466
1636773997.732,21426.756,20813.594
1636773998.035,21948.302,20914.841
1636773998.334,19530.797,21016.465
1636773998.633,22053.787,20914.841
1636773998.936,20512.09,20914.841
1636773999.235,20312.935,20813.594
1636773999.534,18033.289,20813.594
1636773999.833,20914.841,20312.935
1636774000.136,18033.289,20512.09
1636774000.435,21220.847,20115.242
1636774000.734,19434.631,20312.935
1636774001.037,20312.935,20115.242
1636774001.336,18307.508,19918.997
1636774001.635,19627.315,19821.413
1636774001.938,20213.906,19627.315
1636774002.237,18307.508,19530.797
1636774002.536,20712.72,19338.815
1636774002.839,20612.22,19627.315
1636774003.138,22803.401,19627.315
1636774003.437,18677.78,20115.242
1636774003.736,22053.787,19821.413
1636774004.039,19338.815,20115.242
1636774004.338,21118.466,20016.939
1636774004.637,21426.756,20312.935
1636774004.94,21118.466,20412.329
1636774005.239,21016.465,20512.09
1636774005.538,19434.631,20813.594
1636774005.841,24249.454,20712.72
1636774006.14,20914.841,21016.465
1636774006.44,23796.85,20813.594
1636774006.739,21948.302,21323.61
1636774007.042,22159.669,21323.61
1636774007.341,20914.841,21634.205
1636774007.64,20712.72,21634.205
1636774007.943,21426.756,21530.287
1636774008.242,19530.797,21530.287
1636774008.541,22912.115,21426.756
1636774008.844,18959.024,21738.513
1636774009.143,22372.631,21220.847
1636774009.442,21323.61,21426.756
1636774009.745,21530.287,21118.466
1636774010.044,19918.997,21118.466
1636774010.343,19053.455,20914.841
1636774010.642,19821.413,20712.72
1636774010.945,20115.242,20612.22
1636774011.244,21530.287,20512.09
1636774011.543,19053.455,20712.72
1636774011.846,22479.715,20312.935
1636774012.145,18033.289,20612.22
1636774012.444,22803.401,20213.906
1636774012.747,18584.71,20312.935
1636774013.046,22053.787,20016.939
1636774013.345,18124.367,20213.906
1636774013.648,19724.186,20115.242
1636774013.947,19627.315,20115.242
1636774014.246,19338.815,20115.242
1636774014.545,19434.631,19918.997
1636774014.848,19243.349,19918.997
1636774015.147,20312.935,19627.315
1636774015.446,18399.575,19821.413
1636774015.749,22265.95,19434.631
1636774016.048,18491.975,19821.413
1636774016.347,21948.302,19434.631
1636774016.65,20213.906,19821.413
1636774016.949,21634.205,19821.413
1636774017.248,19724.186,20016.939
1636774017.547,21118.466,20115.242
1636774017.85,21323.61,20213.906
1636774018.15,19434.631,20512.09
1636774018.449,21738.513,20412.329
1636774018.751,19338.815,20712.72
1636774019.051,23351.116,20412.329
1636774019.35,20512.09,20914.841
1636774019.653,21426.756,20813.594
1636774019.952,20813.594,20914.841
1636774020.251,23021.241,20813.594
1636774020.554,21948.302,21118.466
1636774020.853,20115.242,21220.847
1636774021.152,22912.115,21118.466
1636774021.451,20213.906,21426.756
1636774021.754,20813.594,21323.61
1636774022.053,21530.287,21426.756
1636774022.352,22053.787,21220.847
1636774022.655,21118.466,21426.756
1636774022.954,21634.205,21426.756
1636774023.253,20612.22,21426.756
1636774023.556,20213.906,21220.847
1636774023.855,20712.72,21016.465
1636774024.154,18584.71,21118.466
1636774024.457,20914.841,20712.72
1636774024.756,19053.455,20712.72
1636774025.055,21634.205,20612.22
1636774025.354,19530.797,20612.22
1636774025.657,21016.465,20312.935
1636774025.956,20914.841,20312.935
1636774026.255,20612.22,20213.906
1636774026.558,21530.287,20213.906
1636774026.857,19724.186,20412.329
1636774027.156,21530.287,20312.935
1636774027.459,18959.024,20612.22
1636774027.758,22265.95,20412.329
1636774028.057,18399.575,20712.72
1636774028.356,20312.935,20412.329
1636774028.659,21530.287,20412.329
1636774028.958,21220.847,20512.09
1636774029.257,20914.841,20512.09
1636774029.56,20115.242,20612.22
1636774029.859,22587.203,20412.329
1636774030.158,19724.186,20712.72
1636774030.461,22912.115,20512.09
1636774030.76,19530.797,20914.841
1636774031.06,20914.841,20612.22
1636774031.362,20312.935,20914.841
1636774031.662,20512.09,20914.841
1636774031.961,19627.315,20813.594
1636774032.26,20115.242,20612.22
1636774032.563,20512.09,20612.22
1636774032.862,19918.997,20612.22
1636774033.161,23796.85,20312.935
1636774033.464,19724.186,20712.72
1636774033.763,22479.715,20412.329
1636774034.062,19434.631,20712.72
1636774034.365,21634.205,20612.22
1636774034.664,19918.997,20712.72
1636774034.963,20312.935,20612.22
1636774035.266,18864.936,20712.72
1636774035.565,18307.508,20612.22
1636774035.864,20115.242,20312.935
1636774036.163,16965.451,20412.329
1636774036.466,20914.841,19724.186
1636774036.765,18959.024,19821.413
1636774037.064,21016.465,19434.631
1636774037.367,20312.935,19627.315
1636774037.666,22053.787,19530.797
1636774037.965,20412.329,19724.186
1636774038.268,19627.315,19724.186
1636774038.567,21634.205,19821.413
1636774038.866,21220.847,20115.242
1636774039.165,22265.95,20213.906
1636774039.468,21530.287,20813.594
1636774039.767,24593.5,20813.594
1636774040.066,20914.841,21426.756
1636774040.369,21530.287,21426.756
1636774040.668,21738.513,21530.287
1636774040.967,19918.997,21426.756
1636774041.27,21323.61,21426.756
1636774041.569,20813.594,21634.205
1636774041.868,20712.72,21530.287
1636774042.171,18124.367,21426.756
1636774042.47,21220.847,21016.465
1636774042.769,18307.508,21016.465
1636774043.068,21118.466,20412.329
1636774043.371,21118.466,20412.329
1636774043.671,21323.61,20412.329
1636774043.97,21426.756,20312.935
1636774044.272,20914.841,20512.09
1636774044.572,20712.72,20412.329
1636774044.871,19724.186,20412.329
1636774045.174,23130.782,20312.935
1636774045.473,18677.78,20813.594
1636774045.772,23573.133,20612.22
1636774046.075,22053.787,21118.466
1636774046.374,21634.205,21220.847
1636774046.673,21220.847,21220.847
1636774046.972,19627.315,21220.847
1636774047.275,21634.205,21016.465
1636774047.574,20016.939,21118.466
1636774047.873,22479.715,21016.465
1636774048.176,19243.349,21323.61
1636774048.475,21948.302,20914.841
1636774048.774,20016.939,21220.847
1636774049.077,19627.315,20914.841
1636774049.376,20813.594,20712.72
1636774049.675,19053.455,20612.22
1636774049.974,20512.09,20412.329
1636774050.277,17942.539,20512.09
1636774050.576,22695.098,20115.242
1636774050.875,21016.465,20312.935
1636774051.178,24478.376,20213.906
1636774051.477,19434.631,20712.72
1636774051.776,20412.329,20412.329
1636774052.079,20412.329,20512.09
1636774052.378,20312.935,20612.22
1636774052.677,23240.74,20512.09
1636774052.98,20016.939,20914.841
1636774053.279,22912.115,20914.841
1636774053.578,21323.61,21426.756
1636774053.877,22479.715,21220.847
1636774054.18,21634.205,21426.756
1636774054.479,20712.72,21118.466
1636774054.778,22372.631,21323.61
1636774055.081,20813.594,21426.756
1636774055.38,22159.669,21530.287
1636774055.68,19821.413,21738.513
1636774055.982,20914.841,21323.61
1636774056.281,19724.186,21426.756
1636774056.581,19243.349,21118.466
1636774056.883,23130.782,20914.841
1636774057.183,19724.186,21016.465
1636774057.482,22803.401,20813.594
1636774057.781,21738.513,21016.465
1636774058.084,24135.652,20914.841
1636774058.383,22053.787,21220.847
1636774058.682,19434.631,21220.847
1636774058.985,22053.787,21220.847
1636774059.284,20412.329,21323.61
1636774059.583,23130.782,21426.756
1636774059.886,20612.22,21738.513
1636774060.185,23021.241,21530.287
1636774060.484,20412.329,21843.211
1636774060.783,20712.72,21634.205
1636774061.086,22912.115,21530.287
1636774061.385,21118.466,21426.756
1636774061.684,24825.084,21323.61
1636774061.987,21843.211,21843.211
1636774062.286,21738.513,21843.211
1636774062.585,19338.815,21948.302
1636774062.888,19821.413,21530.287
1636774063.187,19627.315,21530.287
1636774063.486,17228.133,21118.466
1636774063.789,20612.22,20813.594
1636774064.088,18399.575,20813.594
1636774064.387,22695.098,20312.935
1636774064.686,18307.508,20512.09
1636774064.989,20512.09,19821.413
1636774065.288,19243.349,19724.186
1636774065.587,21634.205,19530.797
1636774065.89,20612.22,19724.186
1636774066.189,20512.09,19821.413
1636774066.488,20712.72,19918.997
1636774066.791,19338.815,20213.906
1636774067.09,21323.61,20115.242
1636774067.389,19053.455,20412.329
1636774067.692,21738.513,20016.939
1636774067.991,19338.815,20412.329
1636774068.29,20412.329,20312.935
1636774068.589,20115.242,20412.329
1636774068.892,20712.72,20213.906
1636774069.192,19434.631,20312.935
1636774069.491,18864.936,20115.242
1636774069.793,20512.09,20016.939
1636774070.093,17582.778,20115.242
1636774070.392,21323.61,19724.186
1636774070.695,19627.315,19918.997
1636774070.994,21843.211,19724.186
1636774071.293,20115.242,20016.939
1636774071.592,22912.115,19918.997
1636774071.895,20914.841,20213.906
1636774072.194,21016.465,20213.906
1636774072.493,21220.847,20412.329
1636774072.796,19918.997,20612.22
1636774073.095,23684.778,20612.22
1636774073.394,21118.466,21220.847
1636774073.697,20213.906,21118.466
1636774073.996,21530.287,21220.847
1636774074.295,20914.841,21220.847
1636774074.598,21948.302,21323.61
1636774074.897,16791.881,21220.847
1636774075.196,21843.211,20712.72
1636774075.495,20412.329,20813.594
1636774075.798,22803.401,20712.72
1636774076.097,19148.229,21016.465
1636774076.396,19053.455,20612.22
1636774076.699,21843.211,20412.329
1636774076.998,20115.242,20512.09
1636774077.297,22159.669,20412.329
1636774077.6,19338.815,20512.09
1636774077.899,23130.782,20213.906
1636774078.198,20213.906,20914.841
1636774078.501,20312.935,20712.72
1636774078.8,20115.242,20712.72
1636774079.099,21530.287,20512.09
1636774079.398,20115.242,20712.72
1636774079.701,20115.242,20813.594
1636774080.0,20914.841,20612.22
1636774080.299,19053.455,20712.72
1636774080.602,22479.715,20412.329
1636774080.901,20115.242,20712.72
1636774081.2,24022.285,20412.329
1636774081.503,21426.756,20813.594
1636774081.802,21948.302,20914.841
1636774082.102,21118.466,21118.466
1636774082.401,19243.349,21016.465
1636774082.704,21118.466,20914.841
1636774083.003,18399.575,21016.465
1636774083.302,22587.203,20813.594
1636774083.605,20914.841,21118.466
1636774083.904,21220.847,21016.465
1636774084.203,21948.302,21118.466
1636774084.506,19338.815,20914.841
1636774084.805,21738.513,20712.72
1636774085.104,18677.78,20712.72
1636774085.407,23351.116,20412.329
1636774085.706,20813.594,20813.594
1636774086.005,22587.203,20813.594
1636774086.304,22265.95,21220.847
1636774086.607,21323.61,21220.847
1636774086.906,21426.756,21220.847
1636774087.205,19821.413,21220.847
1636774087.508,20712.72,21016.465
1636774087.807,18491.975,21220.847
1636774088.106,22159.669,20813.594
1636774088.409,20512.09,21220.847
1636774088.708,21634.205,20914.841
1636774089.007,20016.939,21016.465
1636774089.31,19053.455,20813.594
1636774089.609,20712.72,20412.329
1636774089.908,19530.797,20412.329
1636774090.207,21634.205,20213.906
1636774090.51,18771.189,20412.329
1636774090.809,23021.241,20213.906
1636774091.108,19918.997,20612.22
1636774091.411,20813.594,20412.329
1636774091.71,18584.71,20412.329
1636774092.009,19821.413,20115.242
1636774092.312,21530.287,20115.242
1636774092.611,19530.797,20312.935
1636774092.91,20914.841,20213.906
1636774093.209,18399.575,20412.329
1636774093.512,23021.241,20016.939
1636774093.811,21220.847,20512.09
1636774094.11,21530.287,20312.935
1636774094.413,21426.756,20412.329
1636774094.712,20115.242,20512.09
1636774095.011,22053.787,20712.72
1636774095.314,19053.455,20914.841
1636774095.614,22912.115,20612.22
1636774095.913,19148.229,21016.465
1636774096.216,21220.847,20813.594
1636774096.515,19918.997,21118.466
1636774096.814,21530.287,20813.594
1636774097.113,20412.329,20813.594
1636774097.416,19627.315,20712.72
1636774097.715,21323.61,20512.09
1636774098.014,20115.242,20612.22
1636774098.317,23684.778,20412.329
1636774098.616,20512.09,20914.841
1636774098.915,24135.652,20712.72
1636774099.218,21634.205,21118.466
1636774099.517,23573.133,21220.847
1636774099.816,21118.466,21530.287
1636774100.119,20115.242,21530.287
1636774100.418,21530.287,21530.287
1636774100.717,20512.09,21738.513
1636774101.016,22053.787,21634.205
1636774101.319,20213.906,21843.211
1636774101.618,23684.778,21426.756
1636774101.917,19724.186,21738.513
1636774102.22,22912.115,21323.61
1636774102.519,21220.847,21426.756
1636774102.818,22053.787,21220.847
1636774103.121,19918.997,21323.61
1636774103.42,19918.997,21323.61
1636774103.719,19338.815,21118.466
1636774104.018,18215.772,21016.465
1636774104.321,20115.242,20612.22
1636774104.62,19530.797,20612.22
1636774104.919,21118.466,20213.906
1636774105.222,19243.349,20312.935
1636774105.521,21220.847,20016.939
1636774105.82,20016.939,20016.939
1636774106.123,20612.22,19821.413
1636774106.422,20914.841,19918.997
1636774106.721,20016.939,20016.939
1636774107.024,22479.715,20016.939
1636774107.323,20213.906,20512.09
1636774107.623,21426.756,20512.09
1636774107.922,19148.229,20712.72
1636774108.224,20412.329,20512.09
1636774108.524,20914.841,20612.22
1636774108.823,22159.669,20512.09
1636774109.126,20412.329,20813.594
1636774109.425,21530.287,20712.72
1636774109.724,21948.302,20813.594
1636774110.027,19148.229,21016.465
1636774110.326,21843.211,20712.72
1636774110.625,17582.778,20813.594
1636774110.924,20612.22,20412.329
1636774111.227,19053.455,20612.22
1636774111.526,19434.631,20412.329
1636774111.825,19243.349,20312.935
1636774112.128,21016.465,20016.939
1636774112.427,19724.186,20016.939
1636774112.726,19530.797,19918.997
1636774113.029,21738.513,19627.315
1636774113.328,17672.235,19918.997
1636774113.627,21323.61,19530.797
1636774113.93,18399.575,19821.413
1636774114.229,20213.906,19627.315
1636774114.528,21220.847,19724.186
1636774114.827,20512.09,19918.997
1636774115.13,21118.466,20016.939
1636774115.429,20612.22,20115.242
1636774115.728,21634.205,20115.242
1636774116.031,19627.315,20412.329
1636774116.33,21118.466,20115.242
1636774116.629,20712.72,20512.09
1636774116.932,21738.513,20412.329
1636774117.231,21530.287,20813.594
1636774117.53,20213.906,20914.841
1636774117.833,20914.841,20813.594
1636774118.132,19918.997,20914.841
1636774118.431,20813.594,20712.72
1636774118.73,18584.71,20813.594
1636774119.033,21323.61,20412.329
1636774119.332,17582.778,20612.22
1636774119.632,20016.939,20213.906
1636774119.934,20115.242,20213.906
1636774120.233,21118.466,20016.939
1636774120.533,20612.22,20016.939
1636774120.835,20312.935,20016.939
1636774121.134,21530.287,20016.939
1636774121.434,21016.465,20115.242
1636774121.733,22372.631,20115.242
1636774122.036,20612.22,20512.09
1636774122.335,22053.787,20412.329
1636774122.634,22479.715,20914.841
1636774122.937,20512.09,21118.466
1636774123.236,22159.669,21220.847
1636774123.535,19918.997,21323.61
1636774123.838,23130.782,21220.847
1636774124.137,18959.024,21530.287
1636774124.436,21530.287,21220.847
1636774124.739,20213.906,21323.61
1636774125.038,21634.205,21118.466
1636774125.337,20512.09,21220.847
1636774125.636,19821.413,21016.465
1636774125.939,21323.61,20813.594
1636774126.238,19627.315,20813.594
1636774126.537,21843.211,20612.22
1636774126.84,18864.936,20813.594
1636774127.139,21118.466,20412.329
1636774127.438,20712.72,20612.22
1636774127.741,21016.465,20512.09
1636774128.04,20712.72,20612.22
1636774128.339,20312.935,20512.09
1636774128.642,22053.787,20512.09
1636774128.941,17942.539,20712.72
1636774129.24,22159.669,20312.935
1636774129.539,19148.229,20612.22
1636774129.842,22479.715,20312.935
1636774130.141,19530.797,20712.72
1636774130.44,20115.242,20512.09
1636774130.743,20213.906,20512.09
1636774131.042,19148.229,20412.329
1636774131.341,23351.116,20213.906
1636774131.644,20813.594,20512.09
1636774131.943,20914.841,20412.329
1636774132.242,21426.756,20712.72
1636774132.545,18584.71,20612.22
1636774132.844,21016.465,20612.22
1636774133.144,18399.575,20412.329
1636774133.443,22265.95,20312.935
1636774133.745,21220.847,20512.09
1636774134.045,20813.594,20612.22
1636774134.344,21426.756,20813.594
1636774134.647,19053.455,20612.22
1636774134.946,21634.205,20412.329
1636774135.245,19918.997,20512.09
1636774135.548,21323.61,20312.935
1636774135.847,21948.302,20612.22
1636774136.146,21948.302,20712.72
1636774136.445,22912.115,21118.466
1636774136.748,19530.797,21118.466
1636774137.047,21530.287,21016.465
1636774137.346,21016.465,21016.465
1636774137.649,23796.85,21016.465
1636774137.948,22053.787,21530.287
1636774138.247,21843.211,21530.287
1636774138.55,22912.115,21738.513
1636774138.849,19434.631,21843.211
1636774139.148,22265.95,21634.205
1636774139.451,20612.22,21634.205
1636774139.75,21948.302,21426.756
1636774140.049,20813.594,21634.205
1636774140.348,20914.841,21634.205
1636774140.651,20412.329,21634.205
1636774140.95,19338.815,21220.847
1636774141.249,21948.302,21016.465
1636774141.552,18677.78,21016.465
1636774141.851,22159.669,20612.22
1636774142.15,20115.242,20813.594
1636774142.453,21426.756,20612.22
1636774142.752,20914.841,20712.72
1636774143.051,20016.939,20612.22
1636774143.35,18959.024,20512.09
1636774143.653,20213.906,20312.935
1636774143.952,20412.329,20312.935
1636774144.251,17942.539,20412.329
1636774144.554,20813.594,20016.939
1636774144.853,18864.936,20213.906
1636774145.153,19821.413,19918.997
1636774145.455,17672.235,19918.997
1636774145.754,21118.466,19530.797
1636774146.054,21634.205,19530.797
1636774146.356,20312.935,19627.315
1636774146.656,20312.935,19821.413
1636774146.955,18491.975,19821.413
1636774147.254,19338.815,19627.315
1636774147.557,17672.235,19724.186
1636774147.856,22587.203,19434.631
1636774148.155,19053.455,19821.413
1636774148.458,21948.302,19724.186
1636774148.757,20813.594,20115.242
1636774149.056,22912.115,20115.242
1636774149.359,21426.756,20213.906
1636774149.658,20612.22,20312.935
1636774149.957,21118.466,20412.329
1636774150.26,20512.09,20612.22
1636774150.559,23573.133,20813.594
1636774150.858,21634.205,21426.756
1636774151.157,23021.241,21323.61
1636774151.46,24709.069,21738.513
1636774151.759,24135.652,21948.302
1636774152.058,23240.74,22265.95
1636774152.361,24363.695,22265.95
1636774152.66,26868.037,22587.203
1636774152.959,25175.837,23240.74
1636774153.262,25411.95,23573.133
1636774153.561,25889.728,24135.652
1636774153.86,26620.566,24363.695
1636774154.159,26744.057,24825.084
1636774154.462,26497.56,25293.664
1636774154.761,26375.037,25411.95
1636774155.06,26497.56,25649.907
1636774155.363,25293.664,26010.343
1636774155.662,23461.913,26131.431
1636774155.961,26744.057,25769.583
1636774156.264,24249.454,25889.728
1636774156.563,23461.913,25769.583
1636774156.862,23573.133,25530.697
1636774157.165,21016.465,25175.837
1636774157.464,23684.778,24593.5
1636774157.763,21220.847,24363.695
1636774158.063,23240.74,23796.85
1636774158.365,21016.465,23461.913
1636774158.664,19918.997,23021.241
1636774158.964,21634.205,22695.098
1636774159.267,18033.289,22265.95
1636774159.566,21948.302,21530.287
1636774159.865,20914.841,21426.756
1636774160.168,22265.95,21220.847
1636774160.467,21843.211,21323.61
1636774160.766,19338.815,21118.466
1636774161.069,23461.913,20914.841
1636774161.368,19724.186,20914.841
1636774161.667,22695.098,20813.594
1636774161.966,19724.186,21118.466
1636774162.269,22372.631,20914.841
1636774162.568,19821.413,21323.61
1636774162.867,20412.329,21118.466
1636774163.17,20914.841,21118.466
1636774163.469,17493.641,20914.841
1636774163.768,22159.669,20512.09
1636774164.071,20213.906,20813.594
1636774164.37,21220.847,20512.09
1636774164.669,19918.997,20612.22
1636774164.968,19148.229,20312.935
1636774165.271,21634.205,20312.935
1636774165.57,17404.822,20213.906
1636774165.869,22372.631,19918.997
1636774166.172,20115.242,20115.242
1636774166.471,21948.302,20115.242
1636774166.77,19530.797,20512.09
1636774167.073,18771.189,20312.935
1636774167.372,20412.329,20115.242
1636774167.671,19053.455,20016.939
1636774167.974,22479.715,19918.997
1636774168.273,17852.114,20312.935
1636774168.572,21634.205,19918.997
1636774168.871,19434.631,20312.935
1636774169.174,21016.465,20016.939
1636774169.473,20016.939,20115.242
1636774169.772,18307.508,19918.997
1636774170.075,18864.936,19821.413
1636774170.374,19243.349,19821.413
1636774170.674,22372.631,19724.186
1636774170.976,18399.575,20016.939
1636774171.276,19627.315,19627.315
1636774171.575,20115.242,19821.413
1636774171.878,19724.186,19627.315
1636774172.177,21016.465,19724.186
1636774172.476,20412.329,19724.186
1636774172.775,23130.782,19724.186
1636774173.078,18307.508,20213.906
1636774173.377,23351.116,20115.242
1636774173.676,20813.594,20512.09
1636774173.979,21738.513,20412.329
1636774174.278,21530.287,20712.72
1636774174.577,19821.413,20914.841
1636774174.88,21530.287,20914.841
1636774175.179,20016.939,21118.466
1636774175.478,23796.85,21016.465
1636774175.777,20312.935,21323.61
1636774176.08,21016.465,21016.465
1636774176.379,20512.09,21323.61
1636774176.678,19338.815,21016.465
1636774176.981,21426.756,20914.841
1636774177.28,17493.641,20813.594
1636774177.579,21323.61,20412.329
1636774177.882,18124.367,20612.22
1636774178.181,21118.466,20213.906
1636774178.48,21118.466,20312.935
1636774178.783,20712.72,20115.242
1636774179.082,21118.466,20115.242
1636774179.381,22159.669,20115.242
1636774179.68,21118.466,20312.935
1636774179.983,18864.936,20512.09
1636774180.282,20914.841,20213.906
1636774180.581,20016.939,20612.22
1636774180.884,22159.669,20412.329
1636774181.183,20312.935,20914.841
1636774181.482,22265.95,20813.594
1636774181.785,23351.116,20914.841
1636774182.084,23021.241,21118.466
1636774182.383,22587.203,21323.61
1636774182.686,22372.631,21426.756
1636774182.985,19627.315,21530.287
1636774183.284,23461.913,21634.205
1636774183.584,22265.95,21843.211
1636774183.886,21530.287,22053.787
1636774184.186,23796.85,22053.787
1636774184.485,22479.715,22372.631
1636774184.788,23351.116,22372.631
1636774185.087,22053.787,22372.631
1636774185.386,20312.935,22265.95
1636774185.689,25530.697,22053.787
1636774185.988,20213.906,22372.631
1636774186.287,21634.205,22372.631
1636774186.586,19627.315,22265.95
1636774186.889,20412.329,21948.302
1636774187.188,19053.455,21843.211
1636774187.487,17316.32,21323.61
1636774187.79,19530.797,20813.594
1636774188.089,19530.797,20412.329
1636774188.388,22053.787,20213.906
1636774188.691,18215.772,20412.329
1636774188.99,21426.756,19724.186
1636774189.289,18584.71,19821.413
1636774189.592,20612.22,19530.797
1636774189.891,18959.024,19627.315
1636774190.19,20312.935,19434.631
1636774190.489,18399.575,19530.797
1636774190.792,20412.329,19724.186
1636774191.091,20612.22,19821.413
1636774191.39,17852.114,19918.997
1636774191.693,20016.939,19434.631
1636774191.992,19724.186,19627.315
1636774192.291,20612.22,19530.797
1636774192.594,21843.211,19724.186
1636774192.893,19530.797,19821.413
1636774193.192,22587.203,19821.413
1636774193.495,22372.631,20115.242
1636774193.794,20914.841,20512.09
1636774194.093,23796.85,20512.09
1636774194.392,23240.74,20813.594
1636774194.695,21530.287,21426.756
1636774194.994,23573.133,21530.287
1636774195.293,24022.285,21948.302
1636774195.596,23684.778,22265.95
1636774195.895,24709.069,22479.715
1636774196.195,23796.85,23021.241
1636774196.497,22912.115,23130.782
1636774196.796,26010.343,23130.782
1636774197.096,25175.837,23684.778
1636774197.395,23684.778,23796.85
1636774197.698,24825.084,23796.85
1636774197.997,23240.74,24135.652
1636774198.296,21948.302,24135.652
1636774198.599,23351.116,23909.352
1636774198.898,21634.205,23909.352
1636774199.197,22803.401,23573.133
1636774199.5,23573.133,23461.913
1636774199.799,19821.413,23573.133
1636774200.098,21843.211,22912.115
1636774200.401,19821.413,22587.203
1636774200.7,22803.401,22159.669
1636774200.999,22372.631,22053.787
1636774201.298,20213.906,21948.302
1636774201.601,24593.5,21738.513
1636774201.9,21220.847,21843.211
1636774202.199,23461.913,21843.211
1636774202.502,22912.115,21843.211
1636774202.801,20412.329,21843.211
1636774203.1,23573.133,21843.211
1636774203.403,22159.669,22053.787
1636774203.702,20512.09,22265.95
1636774204.001,23130.782,22053.787
1636774204.304,21016.465,22159.669
1636774204.603,23573.133,22265.95
1636774204.902,21843.211,22159.669
1636774205.201,19724.186,22159.669
1636774205.504,24249.454,21843.211
1636774205.803,20213.906,21948.302
1636774206.102,21530.287,21948.302
1636774206.405,21220.847,21738.513
1636774206.704,20612.22,21634.205
1636774207.003,22587.203,21634.205
1636774207.306,20813.594,21530.287
1636774207.605,22159.669,21530.287
1636774207.904,20712.72,21426.756
1636774208.204,18864.936,21323.61
1636774208.506,21843.211,21220.847
1636774208.805,21220.847,21016.465
1636774209.105,21530.287,21118.466
1636774209.407,22372.631,21118.466
1636774209.707,20612.22,21220.847
1636774210.006,21016.465,21220.847
1636774210.308,22479.715,21016.465
1636774210.608,20016.939,21220.847
1636774210.907,23021.241,21016.465
1636774211.21,23684.778,21220.847
1636774211.509,24363.695,21738.513
1636774211.808,24593.5,21948.302
1636774212.107,23684.778,22265.95
1636774212.41,24709.069,22479.715
1636774212.709,26131.431,22695.098
1636774213.008,22587.203,23240.74
1636774213.311,25530.697,23461.913
1636774213.61,24363.695,23684.778
1636774213.909,22587.203,24249.454
1636774214.212,23240.74,24135.652
1636774214.511,25411.95,24135.652
1636774214.81,24478.376,24249.454
1636774215.113,23130.782,24249.454
1636774215.412,25293.664,24135.652
1636774215.711,24825.084,24249.454
1636774216.01,26131.431,24022.285
1636774216.313,25530.697,24478.376
1636774216.612,24022.285,24478.376
1636774216.911,25175.837,24363.695
1636774217.214,26375.037,24709.069
1636774217.513,25293.664,24941.549
1636774217.812,23796.85,24941.549
1636774218.115,24709.069,24941.549
1636774218.414,25649.907,25058.466
1636774218.713,21843.211,25058.466
1636774219.012,24363.695,24825.084
1636774219.315,22587.203,24593.5
1636774219.614,22053.787,24249.454
1636774219.913,24941.549,24135.652
1636774220.216,23240.74,24022.285
1636774220.515,20612.22,23796.85
1636774220.814,24022.285,23240.74
1636774221.117,21738.513,23351.116
1636774221.416,23240.74,23021.241
1636774221.715,22372.631,22803.401
1636774222.018,21323.61,22803.401
1636774222.317,23684.778,22587.203
1636774222.617,22912.115,22695.098
1636774222.916,21323.61,22695.098
1636774223.219,24022.285,22372.631
1636774223.518,21530.287,22479.715
1636774223.817,22159.669,22587.203
1636774224.12,21738.513,22372.631
1636774224.419,19627.315,22372.631
1636774224.718,21634.205,21948.302
1636774225.021,20612.22,21948.302
1636774225.32,21016.465,21843.211
1636774225.619,21738.513,21634.205
1636774225.922,21220.847,21426.756
1636774226.221,22912.115,21426.756
1636774226.52,21738.513,21323.61
1636774226.819,18307.508,21426.756
1636774227.122,21530.287,21016.465
1636774227.421,18584.71,20914.841
1636774227.72,20813.594,20813.594
1636774228.023,21323.61,20813.594
1636774228.322,19627.315,20813.594
1636774228.621,22803.401,20712.72
1636774228.924,19918.997,20813.594
1636774229.223,21016.465,20712.72
1636774229.522,21118.466,20512.09
1636774229.821,20412.329,20412.329
1636774230.124,23021.241,20612.22
1636774230.423,21634.205,20813.594
1636774230.722,23909.352,21118.466
1636774231.025,22372.631,21426.756
1636774231.324,19918.997,21530.287
1636774231.623,23240.74,21530.287
1636774231.926,19243.349,21530.287
1636774232.225,21118.466,21530.287
1636774232.524,21530.287,21530.287
1636774232.827,20712.72,21530.287
1636774233.126,21016.465,21634.205
1636774233.425,18124.367,21426.756
1636774233.724,22053.787,21016.465
1636774234.027,21948.302,20813.594
1636774234.326,21118.466,20813.594
1636774234.625,22479.715,20914.841
1636774234.928,20813.594,20813.594
1636774235.227,22912.115,21016.465
1636774235.527,22912.115,21220.847
1636774235.829,22159.669,21323.61
1636774236.129,21843.211,21426.756
1636774236.428,18771.189,21530.287
1636774236.731,20412.329,21634.205
1636774237.03,19530.797,21426.756
1636774237.329,21634.205,21220.847
1636774237.628,21323.61,21220.847
1636774237.931,20712.72,21118.466
1636774238.23,22912.115,21118.466
1636774238.529,20512.09,21118.466
1636774238.832,22159.669,20914.841
1636774239.131,20512.09,20914.841
1636774239.43,21118.466,20813.594
1636774239.733,21118.466,21016.465
1636774240.032,19243.349,21118.466
1636774240.331,22372.631,21016.465
1636774240.63,19243.349,21118.466
1636774240.933,22053.787,20914.841
1636774241.232,19338.815,21016.465
1636774241.531,19627.315,20712.72
1636774241.834,20016.939,20612.22
1636774242.133,18491.975,20412.329
1636774242.432,22265.95,20213.906
1636774242.735,20813.594,20312.935
1636774243.034,20712.72,20312.935
1636774243.333,21016.465,20412.329
1636774243.636,17582.778,20312.935
1636774243.935,21530.287,20115.242
1636774244.234,19627.315,20016.939
1636774244.533,20412.329,20115.242
1636774244.836,20512.09,20213.906
1636774245.135,19053.455,20213.906
1636774245.434,22053.787,20312.935
1636774245.737,21016.465,20213.906
1636774246.036,21016.465,20312.935
1636774246.335,19338.815,20312.935
1636774246.638,20412.329,20115.242
1636774246.937,21948.302,20412.329
1636774247.236,19627.315,20512.09
1636774247.539,22372.631,20512.09
1636774247.838,19821.413,20712.72
1636774248.138,21843.211,20612.22
1636774248.437,19434.631,20914.841
1636774248.739,20213.906,20612.22
1636774249.039,22479.715,20512.09
1636774249.338,20512.09,20712.72
1636774249.641,20115.242,20813.594
1636774249.94,20115.242,20813.594
1636774250.239,18771.189,20612.22
1636774250.542,20712.72,20512.09
1636774250.841,18124.367,20312.935
1636774251.14,21016.465,20115.242
1636774251.439,20512.09,20115.242
1636774251.742,20612.22,20213.906
1636774252.041,20016.939,20213.906
1636774252.34,18677.78,20016.939
1636774252.643,21948.302,19821.413
1636774252.942,17852.114,20016.939
1636774253.241,20213.906,19724.186
1636774253.544,19148.229,19918.997
1636774253.843,17852.114,19724.186
1636774254.147,20813.594,19724.186
1636774254.445,19918.997,19724.186
1636774254.744,19724.186,19627.315
1636774255.043,21738.513,19530.797
1636774255.342,20512.09,19724.186
1636774255.645,21016.465,19918.997
1636774255.944,20612.22,19821.413
1636774256.243,23461.913,20115.242
1636774256.546,22912.115,20412.329
1636774256.845,20312.935,20813.594
1636774257.144,23909.352,21016.465
1636774257.447,21426.756,21323.61
1636774257.746,23130.782,21530.287
1636774258.045,20412.329,21843.211
1636774258.348,19627.315,21738.513
1636774258.647,21323.61,21634.205
1636774258.946,19724.186,21634.205
1636774259.246,23021.241,21530.287
1636774259.548,21118.466,21530.287
1636774259.847,19724.186,21323.61
1636774260.147,21738.513,21220.847
1636774260.449,18491.975,21016.465
1636774260.749,22372.631,20712.72
1636774261.048,20712.72,20712.72
1636774261.351,21220.847,20712.72
1636774261.65,20612.22,20914.841
1636774261.949,18959.024,20813.594
1636774262.248,21118.466,20712.72
1636774262.551,17852.114,20512.09
1636774262.85,20016.939,20213.906
1636774263.149,20312.935,20213.906
1636774263.452,20412.329,20115.242
1636774263.751,21948.302,20312.935
1636774264.05,19627.315,20213.906
1636774264.353,22053.787,20115.242
1636774264.652,20914.841,20213.906
1636774264.951,21220.847,20213.906
1636774265.254,21530.287,20512.09
1636774265.553,18033.289,20512.09
1636774265.852,21948.302,20512.09
1636774266.151,20213.906,20712.72
1636774266.454,17852.114,20712.72
1636774266.753,20712.72,20412.329
1636774267.052,19724.186,20312.935
1636774267.355,22265.95,20312.935
1636774267.654,20016.939,20312.935
1636774267.953,20612.22,20312.935
1636774268.256,21118.466,20213.906
1636774268.555,20312.935,20213.906
1636774268.854,23240.74,20412.329
1636774269.157,20312.935,20512.09
1636774269.456,21323.61,20512.09
1636774269.755,22265.95,20914.841
1636774270.054,19434.631,21016.465
1636774270.357,21738.513,21016.465
1636774270.656,19530.797,21016.465
1636774270.955,23684.778,20914.841
1636774271.258,19627.315,21220.847
1636774271.557,20412.329,21016.465
1636774271.856,21323.61,21118.466
1636774272.159,18307.508,20914.841
1636774272.458,22265.95,20712.72
1636774272.757,19338.815,20813.594
1636774273.06,21948.302,20512.09
1636774273.359,20712.72,20712.72
1636774273.659,20712.72,20612.22
1636774273.958,22372.631,20712.72
1636774274.26,20016.939,20612.22
1636774274.56,21118.466,20712.72
1636774274.859,20412.329,20712.72
1636774275.162,17493.641,20612.22
1636774275.461,21426.756,20512.09
1636774275.76,20712.72,20512.09
1636774276.063,24941.549,20612.22
1636774276.362,21016.465,20914.841
1636774276.661,20612.22,20914.841
1636774276.96,21323.61,20914.841
1636774277.263,20512.09,20813.594
1636774277.562,22265.95,20813.594
1636774277.861,20914.841,21016.465
1636774278.164,20016.939,21016.465
1636774278.463,23461.913,21323.61
1636774278.762,20512.09,21530.287
1636774279.065,24135.652,21426.756
1636774279.364,20914.841,21426.756
1636774279.663,20312.935,21426.756
1636774279.966,21220.847,21323.61
1636774280.265,18864.936,21323.61
1636774280.564,22053.787,21220.847
1636774280.863,18959.024,21118.466
1636774281.166,19724.186,20914.841
1636774281.465,20914.841,20914.841
1636774281.764,18959.024,20712.72
1636774282.067,21948.302,20512.09
1636774282.366,19243.349,20312.935
1636774282.665,21118.466,20115.242
1636774282.968,20412.329,20213.906
1636774283.267,18864.936,20115.242
1636774283.566,21738.513,20115.242
1636774283.869,19530.797,20115.242
1636774284.168,20512.09,20213.906
1636774284.467,21016.465,20213.906
1636774284.766,20115.242,20312.935
1636774285.069,23130.782,20412.329
1636774285.368,20612.22,20512.09
1636774285.668,22159.669,20612.22
1636774285.97,20712.72,20712.72
1636774286.27,20213.906,20813.594
1636774286.569,23240.74,20914.841
1636774286.871,19918.997,21016.465
1636774287.171,22053.787,21118.466
1636774287.47,20712.72,21220.847
1636774287.769,19338.815,21220.847
1636774288.072,20612.22,21118.466
1636774288.371,18959.024,20914.841
1636774288.67,21426.756,20712.72
1636774288.973,20512.09,20612.22
1636774289.272,21426.756,20612.22
1636774289.571,20712.72,20712.72
1636774289.874,20115.242,20512.09
1636774290.173,21118.466,20512.09
1636774290.472,19148.229,20412.329
1636774290.775,21016.465,20312.935
1636774291.074,20512.09,20412.329
1636774291.373,18771.189,20412.329
1636774291.672,21220.847,20412.329
1636774291.975,19918.997,20412.329
1636774292.274,20312.935,20312.935
1636774292.573,20914.841,20213.906
1636774292.876,18215.772,20213.906
1636774293.175,21426.756,20016.939
1636774293.474,19918.997,20115.242
1636774293.777,22479.715,20115.242
1636774294.076,22265.95,20312.935
1636774294.375,20312.935,20512.09
1636774294.678,21530.287,20612.22
1636774294.977,18959.024,20612.22
1636774295.276,20115.242,20512.09
1636774295.575,21323.61,20512.09
1636774295.878,22159.669,20612.22
1636774296.177,21323.61,21016.465
1636774296.476,20213.906,21016.465
1636774296.779,21738.513,21016.465
1636774297.078,20412.329,20914.841
1636774297.377,19821.413,20712.72
1636774297.68,22265.95,20712.72
1636774297.979,20712.72,20813.594
1636774298.278,22265.95,20914.841
1636774298.578,19530.797,21118.466
1636774298.88,21220.847,21016.465
1636774299.18,19724.186,20914.841
1636774299.479,20512.09,20712.72
1636774299.782,22265.95,20712.72
1636774300.081,19821.413,20813.594
1636774300.38,21323.61,20712.72
1636774300.683,21220.847,20914.841
1636774300.982,18491.975,20813.594
1636774301.281,21220.847,20612.22
1636774301.584,20312.935,20512.09
1636774301.883,21530.287,20512.09
1636774302.182,20412.329,20612.22
1636774302.481,19053.455,20612.22
1636774302.784,19627.315,20512.09
1636774303.083,18399.575,20213.906
1636774303.382,21016.465,20115.242
1636774303.685,20813.594,20016.939
1636774303.984,19530.797,20016.939
1636774304.283,21738.513,20115.242
1636774304.586,17493.641,20213.906
1636774304.885,22479.715,19918.997
1636774305.184,18677.78,20016.939
1636774305.487,19627.315,19821.413
1636774305.786,19053.455,19821.413
1636774306.085,18584.71,19821.413
1636774306.384,20914.841,19821.413
1636774306.687,18584.71,19821.413
1636774306.986,21220.847,19627.315
1636774307.285,20512.09,19724.186
1636774307.588,19627.315,19627.315
1636774307.887,20914.841,19821.413
1636774308.186,17852.114,19724.186
1636774308.489,21634.205,19627.315
1636774308.788,19530.797,19821.413
1636774309.087,19530.797,19821.413
1636774309.386,20115.242,19918.997
1636774309.689,19053.455,19918.997
1636774309.988,21016.465,19918.997
1636774310.287,19434.631,19918.997
1636774310.59,22265.95,19821.413
1636774310.889,19918.997,20016.939
1636774311.189,16791.881,19918.997
1636774311.491,19918.997,19821.413
1636774311.791,15610.693,19724.186
1636774312.09,21016.465,19243.349
1636774312.393,18033.289,19434.631
1636774312.692,18771.189,19148.229
1636774312.991,16878.512,19148.229
1636774313.29,18864.936,18771.189
1636774313.593,21016.465,18677.78
1636774313.892,19724.186,18584.71
1636774314.191,20612.22,18584.71
1636774314.494,19918.997,18959.024
1636774314.793,18124.367,18959.024
1636774315.092,18124.367,19243.349
1636774315.395,16363.307,18959.024
1636774315.694,19530.797,18771.189
1636774315.993,18864.936,18864.936
1636774316.296,16109.778,19053.455
1636774316.595,16965.451,18771.189
1636774316.894,16619.539,18307.508
1636774317.193,18307.508,18033.289
1636774317.496,13266.165,17852.114
1636774317.795,14722.529,17140.26
1636774318.094,12537.088,16791.881
1636774318.397,14174.803,16193.99
1636774318.696,11018.011,15942.244
1636774318.995,11763.355,15122.009
1636774319.298,15122.009,14407.914
1636774319.597,12898.504,14329.941
1636774319.896,13266.165,13944.103
1636774320.195,12825.725,13564.876
1636774320.498,12825.725,13118.343
1636774320.797,12753.195,13044.812
1636774321.096,11625.762,12825.725
1636774321.399,13192.127,12753.195
1636774321.698,13791.627,12680.913
1636774321.997,14174.803,12971.532
1636774322.302,13944.103,13192.127
1636774322.599,13564.876,13118.343
1636774322.898,13715.782,13118.343
1636774323.201,12898.504,13192.127
1636774323.5,13715.782,13192.127
1636774323.799,12608.877,13266.165
1636774324.099,14020.737,13266.165
1636774324.402,14097.637,13489.813
1636774324.701,14881.486,13640.199
1636774325.0,12111.459,13715.782
1636774325.303,13340.458,13489.813
1636774325.602,13867.733,13415.007
1636774325.901,11971.507,13489.813
1636774326.204,16109.778,13266.165
1636774326.503,16878.512,13640.199
1636774326.802,16878.512,13867.733
1636774327.105,18584.71,14329.941
1636774327.404,20016.939,14722.529
1636774327.703,18584.71,15283.765
1636774328.002,18584.71,15610.693
1636774328.305,19053.455,16278.499
1636774328.604,18771.189,16878.512
1636774328.903,19434.631,17404.822
1636774329.206,19243.349,18215.772
1636774329.505,18399.575,18584.71
1636774329.804,19053.455,18677.78
1636774330.107,19724.186,18959.024
1636774330.406,20016.939,19053.455
1636774330.705,20813.594,19053.455
1636774331.004,20213.906,19243.349
1636774331.307,20914.841,19434.631
1636774331.606,22053.787,19627.315
1636774331.905,19434.631,19918.997
1636774332.208,17942.539,19918.997
1636774332.507,20312.935,19821.413
1636774332.806,19627.315,20016.939
1636774333.109,18399.575,20016.939
1636774333.408,17672.235,19918.997
1636774333.707,18864.936,19627.315
1636774334.01,20412.329,19434.631
1636774334.309,19821.413,19530.797
1636774334.608,16619.539,19338.815
1636774334.907,19724.186,18864.936
1636774335.21,19918.997,18864.936
1636774335.509,12971.532,19053.455
1636774335.808,19918.997,18307.508
1636774336.111,23351.116,18307.508
1636774336.41,18677.78,18771.189
1636774336.71,20312.935,18864.936
1636774337.012,17493.641,18959.024
1636774337.312,21220.847,18677.78
1636774337.611,16965.451,18864.936
1636774337.914,19243.349,18864.936
1636774338.212,15041.555,18864.936
1636774338.511,17140.26,18307.508
1636774338.811,17316.32,18771.189
1636774339.114,17762.014,18491.975
1636774339.413,16965.451,18033.289
1636774339.712,14252.238,17852.114
1636774340.015,17582.778,17228.133
1636774340.314,14643.464,17228.133
1636774340.613,17316.32,16619.539
1636774340.916,14881.486,16619.539
1636774341.215,12753.195,16193.99
1636774341.514,14174.803,15942.244
1636774341.813,14020.737,15693.144
1636774342.116,14020.737,15365.068
1636774342.415,15610.693,14961.381
1636774342.714,14097.637,14881.486
1636774343.017,15365.068,14801.869
1636774343.316,14722.529,14643.464
1636774343.615,18124.367,14643.464
1636774343.918,18864.936,14722.529
1636774344.242,20312.935,15041.555
1636774344.516,17404.822,15775.886
1636774344.819,16278.499,16109.778
1636774345.126,17228.133,16363.307
1636774345.417,18584.71,16705.557
1636774345.716,19434.631,16965.451
1636774346.019,16025.864,17493.641
1636774346.343,19627.315,17582.778
1636774346.617,16791.881,18124.367
1636774346.92,19530.797,17942.539
1636774347.228,18677.78,18033.289
1636774347.518,15942.244,17852.114
1636774347.821,18771.189,17762.014
1636774348.12,16619.539,17942.539
1636774348.444,18959.024,17942.539
1636774348.722,17316.32,17942.539
1636774349.021,17404.822,17762.014
1636774349.329,16619.539,17852.114
1636774349.62,15858.918,17582.778
1636774349.923,18959.024,17493.641
1636774350.222,15942.244,17404.822
1636774350.549,18491.975,17140.26
1636774350.823,15858.918,17404.822
1636774351.123,17582.778,17140.26
1636774351.43,17672.235,17228.133
1636774351.725,16791.881,17140.26
1636774352.024,17672.235,17052.7
1636774352.323,16109.778,17052.7
1636774352.65,18491.975,17052.7
1636774352.925,17582.778,17316.32
1636774353.224,17316.32,17140.26
1636774353.535,17140.26,17316.32
1636774353.826,17316.32,17140.26
1636774354.125,18491.975,17316.32
1636774354.424,15365.068,17404.822
1636774354.754,18307.508,17140.26
1636774355.026,18215.772,17316.32
1636774355.325,19627.315,17404.822
1636774355.636,17852.114,17762.014
1636774355.927,17942.539,17672.235
1636774356.226,16619.539,17672.235
1636774356.525,16193.99,17582.778
1636774356.853,18491.975,17493.641
1636774357.127,14961.381,17672.235
1636774357.426,18491.975,17316.32
1636774357.739,17493.641,17582.778
1636774358.028,17404.822,17493.641
1636774358.327,17672.235,17404.822
1636774358.63,15775.886,17228.133
1636774358.954,18677.78,17052.7
1636774359.228,18677.78,17140.26
1636774359.531,19724.186,17316.32
1636774359.843,16791.881,17672.235
1636774360.129,17852.114,17493.641
1636774360.428,17852.114,17762.014
1636774360.731,15202.746,17762.014
1636774361.059,17582.778,17493.641
1636774361.329,15365.068,17493.641
1636774361.632,16705.557,17228.133
1636774361.944,17852.114,17404.822
1636774362.231,18491.975,17316.32
1636774362.534,17582.778,17228.133
1636774362.833,16878.512,17052.7
1636774363.16,17052.7,17052.7
1636774363.435,16363.307,16965.451
1636774363.734,17852.114,16878.512
1636774364.045,16025.864,17140.26
1636774364.332,16278.499,16965.451
1636774364.635,16025.864,17052.7
1636774364.934,15858.918,16965.451
1636774365.261,18124.367,16791.881
1636774365.536,17852.114,16791.881
1636774365.835,20712.72,16791.881
1636774366.146,17052.7,17140.26
1636774366.437,18215.772,17140.26
1636774366.736,18677.78,17316.32
1636774367.035,18584.71,17404.822
1636774367.363,18124.367,17672.235
1636774367.637,16965.451,17852.114
1636774367.936,20512.09,17942.539
1636774368.251,18584.71,18399.575
1636774368.538,20213.906,18491.975
1636774368.837,18771.189,18677.78
1636774369.136,17493.641,18491.975
1636774369.464,19434.631,18584.71
1636774369.738,16705.557,18677.78
1636774370.037,19724.186,18491.975
1636774370.348,18399.575,18584.71
1636774370.639,19243.349,18584.71
1636774370.938,19627.315,18864.936
1636774371.237,18959.024,18771.189
1636774371.54,19243.349,18771.189
1636774371.839,17052.7,18677.78
1636774372.138,19053.455,18491.975
1636774372.441,17316.32,18677.78
1636774372.777,18215.772,18491.975
1636774373.039,16533.826,18584.71
1636774373.342,16109.778,18307.508
1636774373.662,16278.499,18033.289
1636774373.94,16448.415,17762.014
1636774374.243,16619.539,17493.641
1636774374.542,16791.881,17228.133
1636774374.841,17942.539,16965.451
1636774375.141,16619.539,17052.7
1636774375.443,20016.939,16878.512
1636774375.743,18124.367,17052.7
1636774376.042,16363.307,17052.7
1636774376.345,19338.815,17052.7
1636774376.644,19434.631,17404.822
1636774376.943,21738.513,17672.235
1636774377.246,18959.024,18215.772
1636774377.545,19434.631,18399.575
1636774377.844,17493.641,18677.78
1636774378.143,16025.864,18677.78
1636774378.446,17762.014,18584.71
1636774378.745,17404.822,18399.575
1636774379.044,18491.975,18307.508
1636774379.347,17942.539,18491.975
1636774379.646,17672.235,18399.575
1636774379.945,17762.014,18215.772
1636774380.248,17672.235,17852.114
1636774380.547,18864.936,17672.235
