1634127199.179,1.539,1.541
1634127199.203,1.539,1.541
1634127199.351,1.548,4.74
1634127199.654,1.556,1.548
1634127199.953,1.546,1.55
1634127200.256,1.552,1.55
1634127200.555,1.55,1.55
1634127200.854,1.554,1.55
1634127201.157,1.546,1.552
1634127201.456,1.552,1.552
1634127201.755,1.56,1.552
1634127202.054,1.539,1.552
1634127202.357,1.55,1.552
1634127202.656,1.552,1.552
1634127202.955,1.554,1.552
1634127203.258,1.548,1.552
1634127203.557,1.552,1.552
1634127203.856,1.562,1.552
1634127204.159,1.556,1.552
1634127204.458,1.548,1.554
1634127204.757,1.554,1.554
1634127205.06,1.554,1.552
1634127205.359,1.55,1.554
1634127205.658,1.554,1.554
1634127205.957,1.554,1.554
1634127206.26,1.543,1.554
1634127206.559,1.548,1.554
1634127206.859,1.548,1.554
1634127207.161,1.556,1.552
1634127207.46,1.55,1.552
1634127207.76,1.556,1.552
1634127208.062,1.56,1.552
1634127208.362,1.554,1.552
1634127208.661,1.552,1.554
1634127208.964,1.543,1.554
1634127209.263,1.56,1.552
1634127209.562,1.558,1.554
1634127209.861,1.558,1.554
1634127210.164,1.552,1.556
1634127210.463,1.539,1.556
1634127210.762,1.548,1.554
1634127211.065,1.554,1.554
1634127211.364,1.571,1.552
1634127211.663,1.564,1.554
1634127211.966,1.556,1.556
1634127212.265,1.548,1.556
1634127212.564,1.548,1.556
1634127212.867,1.543,1.554
1634127213.166,1.56,1.554
1634127213.465,1.543,1.554
1634127213.764,1.558,1.554
1634127214.067,1.55,1.556
1634127214.366,1.55,1.556
1634127214.665,1.56,1.554
1634127214.968,1.556,1.552
1634127215.267,1.548,1.552
1634127215.566,1.546,1.552
1634127215.869,1.556,1.552
1634127216.168,1.548,1.554
1634127216.467,1.552,1.552
1634127216.77,1.556,1.554
1634127217.069,1.55,1.554
1634127217.368,1.55,1.554
1634127217.667,1.539,1.554
1634127217.97,1.546,1.552
1634127218.269,1.552,1.55
1634127218.568,1.567,1.55
1634127218.871,1.546,1.552
1634127219.17,1.543,1.552
1634127219.47,1.546,1.552
1634127219.781,1.55,1.55
1634127220.071,1.546,1.55
1634127220.371,1.543,1.55
1634127220.673,1.546,1.548
1634127220.998,1.548,1.55
1634127221.272,1.541,1.55
1634127221.571,1.537,1.548
1634127221.882,1.552,1.546
1634127222.173,1.56,1.546
1634127222.472,1.546,1.548
1634127222.775,1.554,1.548
1634127223.099,1.546,1.548
1634127223.373,1.537,1.548
1634127223.676,1.546,1.548
1634127223.983,1.541,1.548
1634127224.274,1.537,1.548
1634127224.577,1.55,1.546
1634127224.876,1.55,1.548
1634127225.203,1.546,1.548
1634127225.474,1.531,1.546
1634127225.777,1.535,1.546
1634127226.088,1.556,1.543
1634127226.375,1.548,1.543
1634127226.678,1.535,1.546
1634127226.977,1.537,1.543
1634127227.305,1.537,1.543
1634127227.579,1.548,1.543
1634127227.878,1.533,1.543
1634127228.189,1.546,1.541
1634127228.48,1.552,1.541
1634127228.779,1.539,1.543
1634127229.078,1.539,1.543
1634127229.407,1.539,1.541
1634127229.68,1.548,1.541
1634127229.979,1.543,1.543
1634127230.291,1.539,1.543
1634127230.581,1.55,1.543
1634127230.88,1.535,1.543
1634127231.18,1.531,1.543
1634127231.507,1.531,1.543
1634127231.781,1.537,1.541
1634127232.08,1.539,1.539
1634127232.392,1.546,1.539
1634127232.682,1.541,1.541
1634127232.982,1.535,1.539
1634127233.281,1.537,1.539
1634127233.612,1.535,1.539
1634127233.886,1.535,1.537
1634127234.182,1.539,1.537
1634127234.497,1.535,1.539
1634127234.784,1.541,1.539
1634127235.083,1.543,1.539
1634127235.386,1.554,1.539
1634127235.713,1.543,1.541
1634127235.984,1.541,1.541
1634127236.287,1.546,1.541
1634127236.599,1.539,1.541
1634127236.885,1.531,1.543
1634127237.184,1.535,1.541
1634127237.487,1.546,1.541
1634127237.815,1.537,1.543
1634127238.085,1.537,1.543
1634127238.388,1.543,1.541
1634127238.699,1.531,1.541
1634127238.986,1.548,1.539
1634127239.289,1.556,1.539
1634127239.588,1.55,1.541
1634127239.887,1.558,1.541
1634127240.19,1.554,1.546
1634127240.489,1.558,1.548
1634127240.788,1.552,1.548
1634127241.087,1.55,1.55
1634127241.39,1.558,1.552
1634127241.689,1.558,1.552
1634127241.988,1.554,1.556
1634127242.291,1.552,1.556
1634127242.59,1.546,1.556
1634127242.889,1.548,1.554
1634127243.192,1.546,1.554
1634127243.491,1.554,1.554
1634127243.79,1.556,1.552
1634127244.093,1.554,1.554
1634127244.392,1.562,1.554
1634127244.691,1.548,1.554
1634127244.991,1.552,1.552
1634127245.293,1.556,1.552
1634127245.593,1.552,1.554
1634127245.892,1.556,1.554
1634127246.194,1.56,1.554
1634127246.494,1.539,1.556
1634127246.793,1.548,1.554
1634127247.096,1.546,1.554
1634127247.395,1.556,1.552
1634127247.694,1.554,1.552
1634127247.997,1.55,1.552
1634127248.296,1.56,1.552
1634127248.595,1.562,1.554
1634127248.894,1.537,1.554
1634127249.197,1.552,1.552
1634127249.496,1.562,1.552
1634127249.795,1.562,1.554
1634127250.098,1.556,1.556
1634127250.397,1.552,1.556
1634127250.696,1.554,1.556
1634127250.999,1.564,1.556
1634127251.298,1.546,1.558
1634127251.597,1.554,1.556
1634127251.9,1.558,1.554
1634127252.199,1.567,1.556
1634127252.498,1.554,1.558
1634127252.797,1.56,1.558
1634127253.1,1.548,1.558
1634127253.399,1.548,1.556
1634127253.698,1.539,1.556
1634127254.001,1.558,1.554
1634127254.3,1.55,1.554
1634127254.599,1.556,1.554
1634127254.902,1.556,1.554
1634127255.201,1.55,1.554
1634127255.5,1.552,1.552
1634127255.803,1.55,1.552
1634127256.102,1.556,1.552
1634127256.401,1.556,1.552
1634127256.701,1.556,1.554
1634127257.003,1.548,1.554
1634127257.302,1.554,1.554
1634127257.602,1.546,1.554
1634127257.904,1.548,1.554
1634127258.204,1.556,1.552
1634127258.503,1.552,1.554
1634127258.806,1.552,1.554
1634127259.105,1.541,1.554
1634127259.404,1.554,1.552
1634127259.707,1.55,1.552
1634127260.006,1.546,1.552
1634127260.305,1.541,1.55
1634127260.604,1.537,1.55
1634127260.907,1.558,1.548
1634127261.206,1.558,1.55
1634127261.505,1.55,1.55
1634127261.808,1.541,1.55
1634127262.107,1.546,1.548
1634127262.406,1.537,1.55
1634127262.709,1.552,1.548
1634127263.008,1.546,1.548
1634127263.307,1.548,1.548
1634127263.61,1.546,1.548
1634127263.909,1.531,1.55
1634127264.208,1.537,1.546
1634127264.507,1.543,1.543
1634127264.81,1.548,1.543
1634127265.109,1.56,1.543
1634127265.408,1.556,1.546
1634127265.711,1.55,1.548
1634127266.01,1.543,1.548
1634127266.309,1.546,1.548
1634127266.612,1.552,1.548
1634127266.911,1.548,1.548
1634127267.21,1.552,1.55
1634127267.513,1.543,1.55
1634127267.812,1.535,1.55
1634127268.111,1.546,1.55
1634127268.41,1.55,1.548
1634127268.713,1.548,1.548
1634127269.012,1.554,1.548
1634127269.336,1.541,1.548
1634127269.614,1.541,1.548
1634127269.913,1.55,1.548
1634127270.221,1.537,1.548
1634127270.515,1.531,1.546
1634127270.815,1.55,1.543
1634127271.114,1.533,1.546
1634127271.437,1.535,1.543
1634127271.716,1.525,1.543
1634127272.015,1.531,1.541
1634127272.322,1.548,1.539
1634127272.916,1.546,1.539
1634127273.215,1.539,1.539
1634127273.538,1.546,1.539
1634127273.817,1.539,1.541
1634127274.116,1.541,1.539
1634127274.423,1.537,1.539
1634127274.755,1.533,1.541
1634127275.017,1.529,1.541
1634127275.316,1.533,1.541
1634127275.639,1.537,1.539
1634127275.918,1.535,1.539
1634127276.217,1.548,1.537
1634127276.524,1.554,1.539
1634127276.856,1.541,1.539
1634127277.118,1.539,1.539
1634127277.421,1.529,1.539
1634127277.72,1.546,1.539
1634127278.019,1.531,1.539
1634127278.322,1.539,1.539
1634127278.621,1.537,1.541
1634127278.92,1.527,1.541
1634127279.219,1.546,1.539
1634127279.522,1.55,1.539
1634127279.821,1.535,1.539
1634127280.12,1.543,1.539
1634127280.436,1.543,1.539
1634127280.722,1.529,1.541
1634127281.021,1.529,1.539
1634127281.324,1.525,1.539
1634127281.652,1.525,1.537
1634127281.922,1.535,1.535
1634127282.225,1.541,1.537
1634127282.537,1.537,1.537
1634127282.823,1.535,1.535
1634127283.123,1.541,1.535
1634127283.426,1.527,1.535
1634127283.753,1.523,1.533
1634127284.024,1.533,1.533
1634127284.327,1.541,1.533
1634127284.638,1.537,1.535
1634127284.925,1.539,1.535
1634127285.228,1.552,1.537
1634127285.527,1.533,1.537
1634127285.858,1.541,1.537
1634127286.129,1.529,1.537
1634127286.428,1.537,1.537
1634127286.743,1.531,1.537
1634127287.026,1.539,1.539
1634127287.329,1.539,1.539
1634127317.654,2.006,4.74
1634127317.957,3.454,2.006
1634127318.256,3.454,2.065
1634127318.555,3.454,2.13
1634127318.858,3.454,2.2
1634127319.157,3.454,2.284
1634127319.456,3.416,2.374
1634127319.756,3.494,2.48
1634127320.058,3.416,2.608
1634127320.357,3.416,2.773
1634127320.657,3.416,3.011
1634127320.959,3.416,3.454
1634127321.259,3.454,3.454
1634127321.558,3.416,3.454
1634127321.857,3.416,3.454
1634127322.16,3.454,3.454
1634127322.459,3.416,3.454
1634127322.758,3.381,3.454
1634127323.061,3.416,3.454
1634127323.36,3.454,3.454
1634127323.659,3.416,3.454
1634127323.962,3.416,3.454
1634127324.261,3.454,3.454
1634127324.56,3.454,3.454
1634127324.863,3.416,3.454
1634127325.162,3.416,3.454
1634127325.461,3.454,3.454
1634127325.764,3.416,3.454
1634127326.063,3.454,3.454
1634127326.362,3.454,3.454
1634127326.665,3.494,3.454
1634127326.964,3.454,3.454
1634127327.263,3.454,3.454
1634127327.562,3.381,3.454
1634127327.865,3.416,3.454
1634127328.164,3.416,3.454
1634127328.463,3.416,3.454
1634127328.766,3.454,3.454
1634127329.065,3.454,3.454
1634127329.364,3.416,3.454
1634127329.667,3.416,3.454
1634127329.966,3.416,3.454
1634127330.265,3.454,3.454
1634127330.568,3.381,3.454
1634127330.867,3.349,3.454
1634127331.166,3.381,3.416
1634127331.469,3.381,3.416
1634127331.768,3.416,3.416
1634127332.067,3.416,3.416
1634127332.367,3.454,3.416
1634127332.669,3.416,3.416
1634127332.969,3.454,3.416
1634127333.268,3.416,3.416
1634127333.571,3.416,3.416
1634127333.87,3.454,3.416
1634127334.169,3.454,3.454
1634127334.472,3.454,3.454
1634127334.771,3.494,3.454
1634127335.07,3.494,3.454
1634127335.373,3.454,3.454
1634127335.672,3.416,3.454
1634127335.971,3.381,3.454
1634127336.274,3.416,3.454
1634127336.573,3.454,3.454
1634127336.872,3.416,3.454
1634127337.171,3.416,3.454
1634127337.474,3.416,3.454
1634127337.773,3.454,3.454
1634127338.076,2.006,3.454
1634127338.408,1.987,3.011
1634127338.674,1.99,2.763
1634127338.977,1.99,2.592
1634127339.288,1.99,2.467
1634127339.575,1.975,2.363
1634127339.878,1.99,2.265
1634127340.177,2.003,2.188
1634127340.509,1.996,2.118
1634127340.779,1.996,2.055
1634127341.078,1.996,1.993
1634127341.394,1.996,1.993
1634127341.68,1.99,1.993
1634127341.979,1.99,1.993
1634127342.278,2.006,1.993
1634127342.61,2.0,1.996
1634127342.88,1.996,1.996
1634127343.179,2.003,2.0
1634127343.495,2.0,2.0
1634127343.781,1.984,2.0
1634127344.081,1.975,1.996
1634127344.38,1.993,1.996
1634127344.711,1.993,1.996
1634127344.982,1.993,1.996
1634127345.281,2.0,1.996
1634127345.596,2.009,1.996
1634127345.883,1.99,1.996
1634127346.182,1.996,1.996
1634127346.485,2.006,1.993
1634127346.816,1.99,1.996
1634127347.083,1.993,1.996
1634127347.382,1.99,1.996
1634127347.701,2.0,1.996
1634127347.984,1.99,2.0
1634127348.283,1.99,1.996
1634127348.586,2.0,1.996
1634127348.918,1.993,1.996
1634127349.184,2.0,1.996
1634127349.487,2.003,1.996
1634127349.802,1.993,1.996
1634127350.085,1.99,1.996
1634127350.388,2.0,1.996
1634127350.687,1.993,1.996
1634127351.019,2.0,1.996
1634127351.285,1.987,1.996
1634127351.588,2.006,1.996
1634127351.904,1.996,1.996
1634127352.186,1.987,2.0
1634127352.489,1.987,1.996
1634127352.788,2.006,1.996
1634127353.12,2.0,1.996
1634127353.39,1.993,1.996
1634127353.689,2.003,1.996
1634127354.005,2.0,1.996
1634127354.291,1.993,1.996
1634127354.59,1.993,2.0
1634127354.893,1.996,1.996
1634127355.225,2.0,1.996
1634127355.491,2.0,2.0
1634127355.79,2.006,2.0
1634127356.11,2.003,2.0
1634127356.392,1.996,2.0
1634127356.692,1.984,2.0
1634127356.995,2.0,2.0
1634127357.29,3.416,2.0
1634127357.593,3.454,2.058
1634127357.892,3.416,2.126
1634127358.191,3.454,2.196
1634127358.494,3.454,2.274
1634127358.793,3.494,2.363
1634127359.092,3.494,2.473
1634127359.391,3.454,2.6
1634127359.694,3.454,2.763
1634127359.993,3.416,3.011
1634127360.292,3.416,3.454
1634127360.595,3.494,3.454
1634127360.894,3.416,3.454
1634127361.193,3.416,3.454
1634127361.492,3.416,3.454
1634127361.795,3.454,3.454
1634127362.094,3.416,3.454
1634127362.393,3.416,3.454
1634127362.696,3.416,3.454
1634127362.995,3.416,3.454
1634127363.294,3.454,3.454
1634127363.597,3.416,3.454
1634127363.896,3.381,3.454
1634127364.195,3.416,3.454
1634127364.498,3.494,3.454
1634127364.797,3.381,3.454
1634127365.096,3.416,3.454
1634127365.399,3.416,3.454
1634127365.698,3.416,3.454
1634127365.997,3.416,3.454
1634127366.3,3.416,3.454
1634127366.599,3.416,3.416
1634127366.898,3.416,3.416
1634127367.197,3.416,3.454
1634127367.5,3.454,3.454
1634127367.799,3.494,3.416
1634127368.099,3.494,3.454
1634127368.401,3.494,3.454
1634127368.7,3.454,3.454
1634127369.0,3.454,3.454
1634127369.303,3.381,3.454
1634127369.602,3.454,3.454
1634127369.901,3.416,3.454
1634127370.204,3.416,3.454
1634127370.503,3.416,3.454
1634127370.802,3.416,3.454
1634127371.105,3.454,3.454
1634127371.404,3.454,3.454
1634127371.703,3.416,3.454
1634127372.002,3.416,3.454
1634127372.305,3.454,3.454
1634127372.604,3.454,3.454
1634127372.903,3.416,3.454
1634127373.206,3.416,3.454
1634127373.505,3.381,3.454
1634127373.804,3.416,3.454
1634127374.107,3.416,3.454
1634127374.406,3.381,3.454
1634127374.705,3.416,3.416
1634127375.008,3.454,3.416
1634127375.307,3.454,3.454
1634127375.606,3.416,3.454
1634127375.909,3.416,3.416
1634127376.208,3.381,3.416
1634127376.507,3.454,3.416
1634127376.806,3.416,3.454
1634127377.109,3.416,3.454
1634127377.408,3.416,3.454
1634127377.707,3.349,3.454
1634127378.01,3.349,3.416
1634127378.309,3.349,3.416
1634127378.608,3.349,3.416
1634127378.911,3.349,3.416
1634127379.21,1.472,3.381
1634127379.509,1.453,2.713
1634127379.812,1.455,2.413
1634127380.112,1.468,2.213
1634127380.414,1.457,2.062
1634127380.713,1.465,1.933
1634127381.013,1.453,1.823
1634127381.315,1.48,1.722
1634127381.615,1.463,1.634
1634127381.914,1.457,1.548
1634127382.217,1.455,1.463
1634127382.516,1.476,1.461
1634127382.815,1.453,1.463
1634127383.114,1.465,1.463
1634127383.417,1.463,1.463
1634127383.716,1.468,1.463
1634127384.015,1.459,1.463
1634127384.318,1.457,1.465
1634127384.617,1.465,1.463
1634127384.916,1.457,1.463
1634127385.219,1.455,1.463
1634127385.518,1.453,1.463
1634127385.817,1.459,1.461
1634127386.116,1.453,1.461
1634127386.419,1.461,1.459
1634127386.718,1.457,1.459
1634127387.017,1.461,1.459
1634127387.32,1.459,1.459
1634127387.619,1.457,1.459
1634127387.938,1.455,1.459
1634127388.221,1.457,1.457
1634127388.52,1.472,1.459
1634127388.825,1.455,1.459
1634127389.155,1.455,1.459
1634127389.421,1.459,1.459
1634127389.72,1.455,1.459
1634127390.04,1.455,1.459
1634127390.322,1.455,1.459
1634127390.621,1.455,1.459
1634127390.924,1.468,1.459
1634127391.256,1.457,1.459
1634127391.522,1.465,1.459
1634127391.821,1.459,1.459
1634127392.141,1.451,1.459
1634127392.423,1.461,1.459
1634127392.722,1.455,1.459
1634127393.025,1.451,1.459
1634127393.357,1.463,1.459
1634127393.624,1.463,1.459
1634127393.923,1.445,1.461
1634127394.242,1.449,1.457
1634127394.525,1.449,1.457
1634127394.824,1.451,1.455
1634127395.127,1.457,1.455
1634127395.458,1.443,1.455
1634127395.725,1.453,1.453
1634127396.028,1.449,1.453
1634127396.343,1.447,1.453
1634127396.626,1.455,1.451
1634127396.929,1.455,1.451
1634127397.228,1.449,1.451
1634127397.56,1.449,1.451
1634127397.826,1.463,1.451
1634127398.129,1.449,1.453
1634127398.444,1.453,1.453
1634127398.727,1.447,1.453
1634127399.03,1.453,1.453
1634127399.329,1.447,1.453
1634127399.661,1.451,1.453
1634127399.931,1.453,1.453
1634127400.23,1.457,1.453
1634127400.545,1.455,1.453
1634127400.832,1.455,1.453
1634127401.131,1.453,1.453
1634127401.434,1.453,1.453
1634127401.766,1.449,1.453
1634127402.032,1.457,1.453
1634127402.331,1.455,1.453
1634127402.651,1.451,1.455
1634127402.933,1.457,1.455
1634127403.232,1.449,1.455
1634127403.536,1.457,1.455
1634127403.867,1.457,1.455
1634127404.133,1.455,1.455
1634127404.432,1.449,1.455
1634127404.752,1.447,1.455
1634127405.034,1.449,1.455
1634127405.333,1.453,1.453
1634127405.637,1.449,1.453
1634127405.968,1.457,1.453
1634127406.234,1.455,1.453
1634127406.534,1.455,1.453
1634127406.853,1.457,1.453
1634127407.135,1.453,1.453
1634127407.435,1.461,1.453
1634127407.738,1.449,1.455
1634127408.07,1.459,1.455
1634127408.336,1.453,1.455
1634127408.639,1.447,1.455
1634127408.954,1.453,1.455
1634127409.237,1.457,1.455
1634127409.536,1.455,1.455
1634127409.839,1.455,1.455
1634127410.171,1.463,1.455
1634127410.437,1.459,1.457
1634127410.74,1.457,1.455
1634127411.055,1.457,1.457
1634127411.338,1.459,1.457
1634127411.641,1.459,1.457
1634127411.94,1.455,1.459
1634127412.272,1.457,1.459
1634127412.542,1.463,1.459
1634127412.841,1.453,1.459
1634127413.157,1.459,1.459
1634127413.439,1.455,1.459
1634127413.742,1.453,1.459
1634127414.041,1.453,1.457
1634127414.373,1.463,1.457
1634127414.643,1.455,1.457
1634127414.942,1.453,1.457
1634127415.262,1.459,1.457
1634127415.544,1.457,1.457
1634127415.844,1.463,1.457
1634127416.147,1.455,1.457
1634127416.478,1.451,1.457
1634127416.744,1.455,1.457
1634127417.043,1.451,1.457
1634127417.363,1.457,1.457
1634127417.645,1.459,1.457
1634127417.944,1.453,1.457
1634127418.244,1.461,1.457
1634127418.546,1.465,1.457
1634127418.845,1.453,1.457
1634127419.145,1.457,1.457
1634127419.447,1.455,1.457
1634127419.747,1.451,1.457
1634127420.046,1.453,1.457
1634127420.345,1.457,1.457
1634127420.648,1.459,1.457
1634127420.947,1.453,1.457
1634127421.246,1.461,1.457
1634127421.549,1.447,1.457
1634127421.848,1.451,1.455
1634127422.147,1.445,1.455
1634127422.45,1.449,1.455
1634127422.749,1.449,1.453
1634127423.048,1.439,1.453
1634127423.351,1.445,1.451
1634127423.65,1.449,1.451
1634127423.949,1.437,1.449
1634127424.248,1.439,1.449
1634127424.551,1.455,1.445
1634127424.85,1.463,1.447
1634127425.149,1.451,1.447
1634127425.452,1.437,1.449
1634127425.751,1.457,1.447
1634127426.05,1.449,1.449
1634127426.353,1.453,1.449
1634127426.652,1.439,1.449
1634127426.951,1.451,1.449
1634127427.254,1.451,1.451
1634127427.553,1.439,1.451
1634127427.852,1.453,1.449
1634127428.151,1.449,1.449
1634127428.454,1.445,1.449
1634127428.753,1.437,1.449
1634127429.052,1.437,1.447
1634127429.355,1.451,1.447
1634127429.654,1.455,1.447
1634127429.953,1.443,1.447
1634127430.256,1.449,1.447
1634127430.555,1.435,1.447
1634127430.854,1.447,1.447
1634127431.157,1.449,1.445
1634127431.456,1.445,1.445
1634127431.756,1.437,1.445
1634127432.055,1.441,1.445
1634127432.358,1.445,1.447
1634127432.657,1.455,1.445
1634127432.956,1.447,1.445
1634127433.259,1.445,1.445
1634127433.558,1.449,1.445
1634127433.857,1.449,1.447
1634127434.16,1.445,1.447
1634127434.459,1.441,1.447
1634127434.758,1.445,1.447
1634127435.061,1.453,1.447
1634127435.36,1.447,1.449
1634127435.659,1.447,1.449
1634127435.958,1.441,1.447
1634127436.261,1.457,1.447
1634127436.56,1.445,1.449
1634127436.859,1.445,1.447
1634127437.162,1.453,1.447
1634127437.461,1.449,1.449
1634127437.76,1.443,1.449
1634127438.063,1.435,1.449
1634127438.362,1.441,1.447
1634127438.661,1.443,1.447
1634127438.964,1.433,1.447
1634127439.263,1.441,1.445
1634127439.562,1.425,1.443
1634127439.861,1.447,1.441
1634127440.164,1.453,1.441
1634127440.463,1.441,1.441
1634127440.762,1.431,1.441
1634127441.065,1.439,1.439
1634127441.364,1.439,1.441
1634127441.663,1.441,1.441
1634127441.966,1.423,1.439
1634127442.265,1.431,1.439
1634127442.564,1.423,1.437
1634127442.867,1.427,1.437
1634127443.166,1.421,1.435
1634127443.465,1.425,1.433
1634127443.765,1.431,1.431
1634127444.067,1.437,1.431
1634127444.367,1.429,1.431
1634127444.666,1.437,1.429
1634127444.968,1.427,1.429
1634127445.268,1.439,1.429
1634127445.567,1.435,1.431
1634127445.87,1.437,1.431
1634127446.169,1.433,1.433
1634127446.468,1.433,1.433
1634127446.771,1.437,1.435
1634127447.07,1.415,1.435
1634127447.369,1.439,1.433
1634127447.668,1.425,1.435
1634127447.971,1.427,1.433
1634127448.27,1.431,1.433
1634127448.569,1.425,1.433
1634127448.872,1.427,1.431
1634127449.171,1.431,1.431
1634127449.47,1.431,1.429
1634127449.773,1.429,1.429
1634127450.072,1.433,1.429
1634127450.371,1.431,1.431
1634127450.674,1.423,1.429
1634127450.973,1.441,1.429
1634127451.272,1.429,1.431
1634127451.571,1.427,1.431
1634127451.874,1.427,1.431
1634127452.173,1.433,1.431
1634127452.472,1.423,1.431
1634127452.775,1.427,1.431
1634127453.074,1.425,1.431
1634127453.373,1.429,1.429
1634127453.676,1.429,1.429
1634127453.975,1.423,1.429
1634127454.274,1.429,1.429
1634127454.573,1.419,1.429
1634127454.876,1.427,1.427
1634127455.175,1.421,1.427
1634127455.474,1.433,1.427
1634127455.777,1.423,1.427
1634127456.076,1.427,1.427
1634127456.376,1.429,1.427
1634127456.678,1.427,1.427
1634127456.977,1.419,1.427
1634127457.277,1.429,1.427
1634127457.58,1.431,1.427
1634127457.879,1.435,1.427
1634127458.178,1.421,1.429
1634127458.477,1.427,1.429
1634127458.78,1.431,1.427
1634127459.079,1.431,1.429
1634127459.378,1.427,1.429
1634127459.681,1.431,1.429
1634127459.98,1.427,1.429
1634127460.279,1.431,1.429
1634127460.582,1.417,1.431
1634127460.881,1.429,1.429
1634127461.18,1.439,1.429
1634127461.483,1.423,1.429
1634127461.782,1.431,1.429
1634127462.081,1.431,1.429
1634127462.38,1.433,1.429
1634127462.683,1.421,1.431
1634127462.982,1.435,1.429
1634127463.281,1.429,1.429
1634127463.584,1.425,1.429
1634127463.883,1.429,1.431
1634127464.182,1.427,1.431
1634127464.485,1.425,1.429
1634127464.784,1.425,1.429
1634127465.083,1.423,1.429
1634127465.386,1.427,1.429
1634127465.685,1.429,1.427
1634127465.984,1.419,1.429
1634127466.283,1.429,1.427
1634127466.586,1.429,1.427
1634127466.885,1.425,1.427
1634127467.184,1.423,1.427
1634127467.487,1.423,1.427
1634127467.786,1.429,1.427
1634127468.085,1.425,1.427
1634127468.388,1.425,1.427
1634127468.687,1.435,1.427
1634127468.986,1.427,1.427
1634127469.289,1.435,1.427
1634127469.589,1.429,1.429
1634127469.888,1.427,1.429
1634127470.187,1.423,1.429
1634127470.49,1.439,1.429
1634127470.789,1.429,1.431
1634127471.088,1.427,1.431
1634127471.391,1.431,1.431
1634127471.69,1.433,1.431
1634127471.989,1.433,1.431
1634127472.292,1.425,1.431
1634127472.591,1.421,1.431
1634127472.89,1.425,1.429
1634127473.193,1.423,1.429
1634127473.492,1.441,1.429
1634127473.791,1.425,1.429
1634127474.09,1.433,1.429
1634127474.393,1.429,1.429
1634127474.692,1.433,1.429
1634127474.991,1.433,1.429
1634127475.294,1.441,1.429
1634127475.593,1.431,1.431
1634127475.892,1.433,1.433
1634127476.195,1.427,1.433
1634127476.494,1.419,1.433
1634127476.793,1.435,1.431
1634127477.096,1.433,1.433
1634127477.395,1.437,1.433
1634127477.694,1.425,1.433
1634127477.993,1.431,1.433
1634127478.296,1.429,1.433
1634127478.595,1.427,1.431
1634127478.894,1.427,1.431
1634127479.197,1.433,1.429
1634127479.496,1.433,1.431
1634127479.795,1.431,1.431
1634127480.098,1.435,1.431
1634127480.397,1.429,1.431
1634127480.696,1.427,1.431
1634127480.999,1.431,1.431
1634127481.298,1.433,1.431
1634127481.598,1.425,1.431
1634127481.897,1.435,1.431
1634127482.199,1.431,1.433
1634127482.499,1.433,1.431
1634127482.798,1.429,1.431
1634127483.101,1.435,1.431
1634127483.4,1.433,1.431
1634127483.699,1.441,1.433
1634127484.002,1.429,1.433
1634127484.301,1.425,1.433
1634127484.6,1.439,1.433
1634127484.903,1.439,1.433
1634127485.202,1.421,1.435
1634127485.501,1.431,1.433
1634127485.8,1.437,1.433
1634127486.103,1.431,1.433
1634127486.402,1.433,1.433
1634127486.701,1.435,1.433
1634127487.004,1.423,1.433
1634127487.303,1.429,1.433
1634127487.602,1.427,1.433
1634127487.905,1.439,1.431
1634127488.204,1.431,1.431
1634127488.503,1.431,1.433
1634127488.802,1.429,1.433
1634127489.105,1.433,1.431
1634127489.404,1.427,1.431
1634127489.703,1.429,1.431
1634127490.006,1.431,1.431
1634127490.305,1.435,1.431
1634127490.604,1.429,1.433
1634127490.907,1.433,1.433
1634127491.206,1.431,1.431
1634127491.505,1.433,1.431
1634127491.808,1.427,1.431
1634127492.107,1.427,1.431
1634127492.406,1.419,1.431
1634127492.705,1.423,1.431
1634127493.008,1.433,1.429
1634127493.307,1.429,1.429
1634127493.606,1.433,1.429
1634127493.909,1.427,1.429
1634127494.208,1.427,1.429
1634127494.508,1.427,1.429
1634127494.81,1.425,1.429
1634127495.11,1.433,1.427
1634127495.409,1.435,1.429
1634127495.712,1.427,1.431
1634127496.011,1.425,1.431
1634127496.31,1.433,1.429
1634127496.609,1.435,1.431
1634127496.912,1.433,1.431
1634127497.211,1.427,1.431
1634127497.51,1.433,1.431
1634127497.813,1.431,1.431
1634127498.112,1.425,1.433
1634127498.411,1.431,1.431
1634127498.714,1.433,1.431
1634127499.013,1.427,1.431
1634127499.312,1.427,1.431
1634127499.615,1.437,1.431
1634127499.914,1.427,1.431
1634127500.213,1.437,1.431
1634127500.512,1.429,1.431
1634127500.815,1.435,1.431
1634127501.114,1.431,1.431
1634127501.413,1.431,1.433
1634127501.716,1.427,1.433
1634127502.015,1.431,1.431
1634127502.314,1.435,1.433
1634127502.617,1.429,1.433
1634127502.916,1.433,1.433
1634127503.215,1.431,1.433
1634127503.518,1.427,1.433
1634127503.817,1.435,1.431
1634127504.116,1.427,1.431
1634127504.415,1.429,1.431
1634127504.718,1.429,1.431
1634127505.017,1.427,1.431
1634127505.316,1.425,1.431
1634127505.619,1.429,1.431
1634127505.918,1.429,1.431
1634127506.217,1.435,1.429
1634127506.52,1.423,1.431
1634127506.819,1.429,1.429
1634127507.119,1.435,1.429
1634127507.421,1.437,1.429
1634127507.721,1.427,1.431
1634127508.02,1.431,1.431
1634127508.319,1.427,1.431
1634127508.622,1.435,1.431
1634127508.921,1.435,1.431
1634127509.22,1.437,1.433
1634127509.523,1.427,1.433
1634127509.822,1.433,1.433
1634127510.121,1.435,1.433
1634127510.424,1.441,1.433
1634127510.723,1.433,1.433
1634127511.022,1.433,1.435
1634127511.325,1.433,1.435
1634127511.624,1.431,1.435
1634127511.923,1.435,1.435
1634127512.222,1.433,1.435
1634127512.525,1.427,1.435
1634127512.824,1.433,1.435
1634127513.123,1.435,1.435
1634127513.426,1.439,1.435
1634127513.725,1.431,1.435
1634127514.024,1.437,1.433
1634127514.327,1.425,1.435
1634127514.626,1.427,1.433
1634127514.925,1.429,1.433
1634127515.228,1.433,1.433
1634127515.527,1.431,1.433
1634127515.826,1.431,1.433
1634127516.125,1.427,1.433
1634127516.428,1.441,1.431
1634127516.727,1.429,1.433
1634127517.026,1.437,1.431
1634127517.329,1.443,1.431
1634127517.628,1.431,1.433
1634127517.927,1.429,1.435
1634127518.23,1.435,1.435
1634127518.529,1.429,1.435
1634127518.828,1.433,1.435
1634127519.128,1.433,1.435
1634127519.43,1.437,1.435
1634127519.73,1.431,1.435
1634127520.029,1.429,1.435
1634127520.331,1.435,1.433
1634127520.631,1.431,1.433
1634127520.93,1.429,1.433
1634127521.233,1.433,1.433
1634127521.532,1.437,1.433
1634127521.831,1.435,1.433
1634127522.134,1.437,1.433
1634127522.433,1.433,1.435
1634127522.732,1.435,1.433
1634127523.031,1.425,1.435
1634127523.334,1.441,1.433
1634127523.633,1.437,1.435
1634127523.932,1.437,1.435
1634127524.235,1.443,1.435
1634127524.534,1.441,1.437
1634127524.833,1.439,1.437
1634127525.136,1.431,1.437
1634127525.435,1.443,1.437
1634127525.734,1.443,1.439
1634127526.037,1.441,1.439
1634127526.336,1.433,1.441
1634127526.635,1.441,1.439
1634127526.934,1.435,1.441
1634127527.237,1.435,1.439
1634127527.536,1.439,1.439
1634127527.835,1.439,1.439
1634127528.138,1.427,1.439
1634127528.437,1.433,1.439
1634127528.736,1.433,1.437
1634127529.039,1.427,1.437
1634127529.338,1.435,1.435
1634127529.637,1.445,1.435
1634127529.94,1.431,1.435
1634127530.239,1.433,1.435
1634127530.538,1.435,1.435
1634127530.837,1.431,1.435
1634127531.14,1.441,1.433
1634127531.439,1.441,1.435
1634127531.739,1.433,1.437
1634127532.041,1.431,1.437
1634127532.34,1.431,1.437
1634127532.64,1.441,1.437
1634127532.942,1.427,1.435
1634127533.242,1.427,1.435
1634127533.541,1.435,1.435
1634127533.844,1.431,1.435
1634127534.143,1.427,1.435
1634127534.442,1.435,1.433
1634127534.741,1.429,1.433
1634127535.044,1.437,1.433
1634127535.343,1.435,1.433
1634127535.642,1.433,1.433
1634127535.945,1.437,1.433
1634127536.244,1.437,1.433
1634127536.543,1.439,1.435
1634127536.846,1.433,1.435
1634127537.145,1.433,1.435
1634127537.444,1.431,1.435
1634127537.747,1.433,1.435
1634127538.046,1.429,1.435
1634127538.345,1.431,1.435
1634127538.644,1.429,1.435
1634127538.947,1.431,1.435
1634127539.246,1.425,1.433
1634127539.545,1.431,1.433
1634127539.848,1.427,1.431
1634127540.147,1.431,1.431
1634127540.446,1.429,1.431
1634127540.749,1.433,1.431
1634127541.048,1.447,1.431
1634127541.347,1.423,1.433
1634127541.65,1.433,1.431
1634127541.949,1.429,1.431
1634127542.248,1.429,1.431
1634127542.547,1.439,1.433
1634127542.85,1.429,1.433
1634127543.149,1.435,1.433
1634127543.448,1.437,1.433
1634127543.751,1.437,1.435
1634127544.05,1.429,1.435
1634127544.35,1.431,1.433
1634127544.652,1.427,1.433
1634127544.951,1.439,1.433
1634127545.251,1.435,1.435
1634127545.553,1.441,1.435
1634127545.853,1.433,1.435
1634127546.152,1.431,1.435
1634127546.451,1.429,1.435
1634127546.754,1.429,1.435
1634127547.053,1.435,1.433
1634127547.352,1.433,1.433
1634127547.655,1.433,1.435
1634127547.954,1.429,1.435
1634127548.253,1.433,1.433
1634127548.556,1.435,1.433
1634127548.855,1.431,1.433
1634127549.154,1.439,1.433
1634127549.453,1.419,1.433
1634127549.756,1.435,1.433
1634127550.055,1.431,1.433
1634127550.354,1.431,1.433
1634127550.657,1.429,1.433
1634127550.956,1.433,1.433
1634127551.255,1.429,1.433
1634127551.558,1.427,1.433
1634127551.857,1.435,1.431
1634127552.156,1.429,1.431
1634127552.459,1.433,1.431
1634127552.758,1.431,1.433
1634127553.057,1.427,1.431
1634127553.356,1.437,1.431
1634127553.659,1.431,1.431
1634127553.958,1.437,1.433
1634127554.257,1.429,1.433
1634127554.56,1.437,1.433
1634127554.859,1.437,1.433
1634127555.158,1.437,1.433
1634127555.461,1.441,1.435
1634127555.76,1.431,1.435
1634127556.059,1.439,1.435
1634127556.362,1.429,1.437
1634127556.661,1.429,1.435
1634127556.96,1.431,1.435
1634127557.26,1.435,1.435
1634127557.562,1.433,1.435
1634127557.862,1.437,1.435
1634127558.161,1.429,1.435
1634127558.464,1.433,1.435
1634127558.763,1.429,1.433
1634127559.062,1.429,1.433
1634127559.365,1.431,1.433
1634127559.664,1.437,1.433
1634127559.963,1.421,1.433
1634127560.266,1.429,1.433
1634127560.565,1.431,1.431
1634127560.864,1.435,1.431
1634127561.163,1.435,1.431
1634127561.466,1.427,1.431
1634127561.765,1.439,1.431
1634127562.064,1.429,1.433
1634127562.367,1.431,1.433
1634127562.666,1.433,1.433
1634127562.965,1.431,1.431
1634127563.268,1.437,1.433
1634127563.567,1.421,1.433
1634127563.866,1.435,1.433
1634127564.169,1.429,1.433
1634127564.468,1.431,1.433
1634127564.767,1.433,1.433
1634127565.066,1.431,1.431
1634127565.369,1.435,1.433
1634127565.668,1.433,1.433
1634127565.967,1.431,1.433
1634127566.27,1.433,1.433
1634127566.569,1.427,1.433
1634127566.868,1.435,1.433
1634127567.171,1.431,1.433
1634127567.47,1.423,1.433
1634127567.769,1.435,1.433
1634127568.072,1.439,1.433
1634127568.371,1.429,1.433
1634127568.67,1.421,1.433
1634127568.969,1.429,1.431
1634127569.272,1.427,1.431
1634127569.572,1.427,1.431
1634127569.871,1.431,1.431
1634127570.173,1.431,1.431
1634127570.473,1.427,1.431
1634127570.772,1.431,1.431
1634127571.075,1.429,1.431
1634127571.374,1.433,1.429
1634127571.673,1.427,1.429
1634127571.976,1.433,1.431
1634127572.275,1.431,1.431
1634127572.574,1.429,1.431
1634127572.873,1.443,1.431
1634127573.176,1.435,1.433
1634127573.475,1.425,1.433
1634127573.774,1.421,1.433
1634127574.077,1.435,1.431
1634127574.376,1.431,1.433
1634127574.675,1.443,1.431
1634127574.978,1.431,1.433
1634127575.277,1.429,1.433
1634127575.576,1.439,1.433
1634127575.879,1.423,1.435
1634127576.178,1.427,1.433
1634127576.477,1.429,1.431
1634127576.776,1.429,1.431
1634127577.079,1.433,1.433
1634127577.378,1.427,1.433
1634127577.677,1.431,1.431
1634127577.98,1.431,1.431
1634127578.279,1.435,1.431
1634127578.578,1.431,1.431
1634127578.881,1.431,1.431
1634127579.18,1.435,1.431
1634127579.479,1.431,1.433
1634127579.778,1.427,1.433
1634127580.081,1.437,1.433
1634127580.38,1.431,1.433
1634127580.679,1.435,1.433
1634127580.982,1.427,1.433
1634127581.281,1.433,1.433
1634127581.58,1.439,1.433
1634127581.883,1.429,1.433
1634127582.182,1.431,1.433
1634127582.482,1.435,1.433
1634127582.784,1.425,1.433
1634127583.084,1.433,1.433
1634127583.383,1.429,1.433
1634127583.682,1.435,1.433
1634127583.985,1.431,1.433
1634127584.284,1.427,1.433
1634127584.583,1.441,1.433
1634127584.886,1.433,1.433
1634127585.185,1.433,1.433
1634127585.484,1.437,1.433
1634127585.787,1.431,1.433
1634127586.086,1.439,1.433
1634127586.385,1.419,1.435
1634127586.688,1.429,1.433
1634127586.987,1.421,1.433
1634127587.286,1.431,1.431
1634127587.585,1.433,1.433
1634127587.888,1.433,1.431
1634127588.187,1.431,1.431
1634127588.486,1.429,1.431
1634127588.789,1.431,1.431
1634127589.088,1.435,1.431
1634127589.387,1.433,1.431
1634127589.69,1.431,1.431
1634127589.989,1.429,1.431
1634127590.288,1.439,1.433
1634127590.591,1.435,1.433
1634127590.89,1.427,1.433
1634127591.189,1.433,1.433
1634127591.488,1.429,1.433
1634127591.791,1.437,1.433
1634127592.09,1.433,1.433
1634127592.389,1.433,1.433
1634127592.692,1.443,1.433
1634127592.991,1.433,1.435
1634127593.29,1.437,1.435
1634127593.593,1.441,1.435
1634127593.892,1.447,1.435
1634127594.191,1.439,1.437
1634127594.494,1.435,1.439
1634127594.793,1.441,1.439
1634127595.093,1.435,1.439
1634127595.392,1.437,1.439
1634127595.695,1.431,1.439
1634127595.994,1.445,1.439
1634127596.293,1.435,1.439
1634127596.595,1.439,1.439
1634127596.895,1.435,1.439
1634127597.194,1.439,1.439
1634127597.497,1.431,1.439
1634127597.796,1.435,1.437
1634127598.095,1.433,1.437
1634127598.398,1.439,1.437
1634127598.697,1.429,1.437
1634127598.996,1.431,1.437
1634127599.295,1.439,1.435
1634127599.598,1.439,1.435
1634127599.897,1.435,1.435
1634127600.196,1.431,1.435
1634127600.499,1.433,1.435
1634127600.798,1.435,1.435
1634127601.097,1.431,1.435
1634127601.4,1.435,1.435
1634127601.699,1.435,1.435
1634127601.998,1.437,1.435
1634127602.301,1.435,1.435
1634127602.6,1.439,1.435
1634127602.899,1.433,1.435
1634127603.198,1.437,1.435
1634127603.501,1.443,1.435
1634127603.8,1.435,1.437
1634127604.099,1.441,1.437
1634127604.402,1.433,1.437
1634127604.701,1.435,1.437
1634127605.0,1.439,1.437
1634127605.303,1.435,1.437
1634127605.602,1.441,1.437
1634127605.901,1.439,1.439
1634127606.204,1.431,1.439
1634127606.503,1.439,1.439
1634127606.802,1.433,1.437
1634127607.102,1.433,1.437
1634127607.404,1.445,1.437
1634127607.704,1.437,1.437
1634127608.003,1.431,1.439
1634127608.305,1.437,1.437
1634127608.605,1.435,1.437
1634127608.904,1.433,1.437
1634127609.207,1.435,1.437
1634127609.506,1.437,1.437
1634127609.805,1.427,1.437
1634127610.104,1.437,1.435
1634127610.407,1.437,1.437
1634127610.706,1.437,1.435
1634127611.005,1.429,1.435
1634127611.308,1.429,1.435
1634127611.607,1.435,1.435
1634127611.906,1.431,1.435
1634127612.209,1.441,1.435
1634127612.508,1.427,1.435
1634127612.807,1.437,1.433
1634127613.11,1.427,1.435
1634127613.409,1.435,1.433
1634127613.708,1.435,1.433
1634127614.007,1.433,1.433
1634127614.31,1.441,1.433
1634127614.609,1.431,1.435
1634127614.908,1.435,1.435
1634127615.211,1.435,1.435
1634127615.51,1.437,1.435
1634127615.809,1.431,1.435
1634127616.112,1.429,1.435
1634127616.411,1.433,1.435
1634127616.71,1.435,1.435
1634127617.013,1.433,1.435
1634127617.312,1.427,1.435
1634127617.611,1.433,1.433
1634127617.91,1.433,1.433
1634127618.213,1.433,1.433
1634127618.512,1.437,1.433
1634127618.811,1.437,1.433
1634127619.114,1.443,1.433
1634127619.413,1.439,1.435
1634127619.713,1.433,1.435
1634127620.015,1.441,1.435
1634127620.314,1.445,1.437
1634127620.614,1.421,1.439
1634127620.916,1.429,1.437
1634127621.216,1.425,1.437
1634127621.515,1.433,1.435
1634127621.814,1.429,1.435
1634127622.117,1.431,1.435
1634127622.416,1.425,1.433
1634127622.715,1.435,1.433
1634127623.018,1.431,1.433
1634127623.317,1.427,1.431
1634127623.616,1.427,1.429
1634127623.919,1.429,1.431
1634127624.218,1.425,1.431
1634127624.517,1.427,1.431
1634127624.82,1.427,1.429
1634127625.119,1.435,1.429
1634127625.418,1.437,1.429
1634127625.717,1.431,1.431
1634127626.02,1.437,1.431
1634127626.319,1.437,1.431
1634127626.618,1.423,1.433
1634127626.921,1.435,1.431
1634127627.22,1.431,1.433
1634127627.519,1.435,1.433
1634127627.822,1.435,1.433
1634127628.121,1.445,1.435
1634127628.42,1.425,1.435
1634127628.723,1.431,1.435
1634127629.022,1.427,1.435
1634127629.321,1.441,1.433
1634127629.62,1.443,1.433
1634127629.923,1.437,1.435
1634127630.222,1.429,1.435
1634127630.521,1.423,1.435
1634127630.824,1.427,1.435
1634127631.123,1.427,1.433
1634127631.422,1.435,1.431
1634127631.725,1.429,1.433
1634127632.024,1.433,1.433
1634127632.323,1.427,1.433
1634127632.626,1.437,1.431
1634127632.925,1.437,1.431
1634127633.225,1.433,1.431
1634127633.524,1.437,1.431
1634127633.826,1.433,1.433
1634127634.126,1.439,1.433
1634127634.425,1.439,1.435
1634127634.728,1.433,1.435
1634127635.027,1.431,1.435
1634127635.326,1.433,1.435
1634127635.629,1.433,1.437
1634127635.928,1.433,1.435
1634127636.227,1.435,1.435
1634127636.526,1.437,1.435
1634127636.829,1.431,1.435
1634127637.128,1.441,1.435
1634127637.427,1.435,1.435
1634127637.73,1.437,1.435
1634127638.029,1.433,1.435
1634127638.328,1.433,1.435
1634127638.631,1.433,1.435
1634127638.93,1.437,1.435
1634127639.229,1.449,1.437
1634127639.532,1.439,1.437
1634127639.831,1.435,1.437
1634127640.13,1.433,1.439
1634127640.429,1.429,1.437
1634127640.732,1.425,1.437
1634127641.031,1.429,1.435
1634127641.33,1.433,1.435
1634127641.633,1.439,1.435
1634127641.932,1.435,1.435
1634127642.231,1.437,1.435
1634127642.534,1.433,1.435
1634127642.833,1.437,1.433
1634127643.132,1.435,1.433
1634127643.435,1.431,1.435
1634127643.734,1.437,1.435
1634127644.033,1.429,1.435
1634127644.332,1.435,1.435
1634127644.635,1.429,1.435
1634127644.934,1.435,1.435
1634127645.234,1.429,1.435
1634127645.536,1.441,1.433
1634127645.835,1.435,1.435
1634127646.135,1.435,1.435
1634127646.437,1.429,1.435
1634127646.737,1.445,1.435
1634127647.036,1.437,1.435
1634127647.339,1.441,1.435
1634127647.638,1.435,1.437
1634127647.937,1.439,1.437
1634127648.236,1.437,1.437
1634127648.539,1.437,1.439
1634127648.838,1.437,1.437
1634127649.137,1.441,1.439
1634127649.44,1.435,1.439
1634127649.739,1.439,1.439
1634127650.038,1.439,1.439
1634127650.341,1.435,1.439
1634127650.64,1.437,1.439
1634127650.939,1.433,1.439
1634127651.242,1.431,1.437
1634127651.541,1.423,1.437
1634127651.84,1.429,1.435
1634127652.139,1.437,1.435
1634127652.442,1.429,1.435
1634127652.741,1.431,1.435
1634127653.04,1.433,1.433
1634127653.343,1.433,1.433
1634127653.642,1.435,1.433
1634127653.941,1.435,1.433
1634127654.244,1.449,1.433
1634127654.543,1.433,1.435
1634127654.842,1.447,1.435
1634127655.145,1.441,1.437
1634127655.444,1.437,1.437
1634127655.743,1.439,1.439
1634127656.042,1.441,1.439
1634127656.345,1.433,1.439
1634127656.644,1.443,1.439
1634127656.943,1.437,1.441
1634127657.246,1.435,1.441
1634127657.545,1.431,1.439
1634127657.845,1.433,1.439
1634127658.147,1.427,1.437
1634127658.446,1.445,1.437
1634127658.746,1.431,1.437
1634127659.045,1.433,1.437
1634127659.348,1.429,1.435
1634127659.647,1.437,1.435
1634127659.946,1.435,1.435
1634127660.249,1.431,1.435
1634127660.548,1.431,1.435
1634127660.847,1.425,1.435
1634127661.15,1.431,1.433
1634127661.449,1.425,1.433
1634127661.748,1.437,1.431
1634127662.051,1.419,1.433
1634127662.35,1.437,1.431
1634127662.649,1.435,1.431
1634127662.948,1.423,1.431
1634127663.251,1.427,1.431
1634127663.55,1.427,1.429
1634127663.849,1.423,1.429
1634127664.152,1.425,1.429
1634127664.451,1.427,1.429
1634127664.75,1.423,1.429
1634127665.053,1.425,1.427
1634127665.352,1.431,1.429
1634127665.651,1.431,1.427
1634127665.954,1.433,1.427
1634127666.253,1.433,1.429
1634127666.552,1.431,1.429
1634127666.851,1.425,1.429
1634127667.154,1.429,1.429
1634127667.453,1.425,1.429
1634127667.752,1.429,1.429
1634127668.055,1.433,1.431
1634127668.354,1.427,1.431
1634127668.653,1.439,1.431
1634127668.956,1.429,1.431
1634127669.255,1.427,1.431
1634127669.554,1.429,1.431
1634127669.857,1.427,1.431
1634127670.156,1.433,1.431
1634127670.456,1.431,1.431
1634127670.755,1.431,1.431
1634127671.058,1.431,1.431
1634127671.357,1.429,1.431
1634127671.656,1.437,1.431
1634127671.959,1.423,1.431
1634127672.258,1.425,1.431
1634127672.557,1.427,1.431
1634127672.86,1.433,1.431
1634127673.159,1.425,1.431
1634127673.458,1.429,1.431
1634127673.761,1.437,1.429
1634127674.06,1.427,1.431
1634127674.359,1.431,1.431
1634127674.658,1.429,1.431
1634127674.961,1.433,1.429
1634127675.26,1.433,1.431
1634127675.559,1.423,1.431
1634127675.862,1.431,1.431
1634127676.161,1.433,1.431
1634127676.46,1.435,1.431
1634127676.763,1.437,1.433
1634127677.062,1.435,1.433
1634127677.361,1.429,1.433
1634127677.664,1.431,1.433
1634127677.963,1.427,1.433
1634127678.262,1.435,1.433
1634127678.561,1.431,1.433
1634127678.864,1.435,1.433
1634127679.163,1.435,1.433
1634127679.462,1.431,1.433
1634127679.765,1.433,1.433
1634127680.064,1.429,1.433
1634127680.363,1.435,1.433
1634127680.666,1.433,1.433
1634127680.965,1.425,1.433
1634127681.264,1.427,1.433
1634127681.567,1.433,1.433
1634127681.866,1.431,1.433
1634127682.165,1.437,1.433
1634127682.465,1.425,1.433
1634127682.767,1.431,1.431
1634127683.067,1.433,1.431
1634127683.366,1.429,1.431
1634127683.668,1.427,1.431
1634127683.968,1.429,1.431
1634127684.267,1.431,1.431
1634127684.57,1.429,1.431
1634127684.869,1.425,1.431
1634127685.168,1.421,1.431
1634127685.467,1.421,1.429
1634127685.77,1.427,1.429
1634127686.069,1.425,1.429
1634127686.368,1.425,1.427
1634127686.671,1.427,1.427
1634127686.97,1.431,1.427
1634127687.269,1.429,1.427
1634127687.572,1.419,1.427
1634127687.871,1.423,1.425
1634127688.17,1.423,1.425
1634127688.473,1.421,1.425
1634127688.772,1.425,1.425
1634127689.071,1.435,1.425
1634127689.37,1.427,1.427
1634127689.673,1.439,1.427
1634127689.972,1.435,1.429
1634127690.271,1.421,1.429
1634127690.574,1.433,1.427
1634127690.873,1.429,1.429
1634127691.172,1.423,1.429
1634127691.475,1.423,1.429
1634127691.774,1.439,1.429
1634127692.073,1.427,1.431
1634127692.376,1.433,1.431
1634127692.675,1.417,1.431
1634127692.974,1.427,1.429
1634127693.273,1.429,1.429
1634127693.576,1.423,1.429
1634127693.875,1.427,1.427
1634127694.174,1.425,1.427
1634127694.477,1.427,1.427
1634127694.776,1.431,1.429
1634127695.075,1.423,1.427
1634127695.378,1.433,1.427
1634127695.677,1.437,1.427
1634127695.976,1.433,1.429
1634127696.279,1.431,1.429
1634127696.578,1.431,1.429
1634127696.878,1.441,1.431
1634127697.177,1.431,1.433
1634127697.48,1.431,1.433
1634127697.779,1.431,1.433
1634127698.078,1.433,1.433
1634127698.381,1.431,1.435
1634127698.68,1.431,1.433
1634127698.979,1.433,1.433
1634127699.282,1.435,1.433
1634127699.581,1.427,1.433
1634127699.88,1.445,1.433
1634127700.183,1.429,1.433
1634127700.482,1.433,1.433
1634127700.781,1.431,1.433
1634127701.08,1.425,1.433
1634127701.383,1.427,1.433
1634127701.682,1.421,1.433
1634127701.981,1.427,1.431
1634127702.284,1.421,1.431
1634127702.583,1.429,1.429
1634127702.882,1.431,1.429
1634127703.185,1.437,1.429
1634127703.484,1.431,1.429
1634127703.783,1.427,1.429
1634127704.086,1.431,1.429
1634127704.385,1.435,1.429
1634127704.684,1.431,1.429
1634127704.983,1.431,1.431
1634127705.286,1.431,1.431
1634127705.585,1.425,1.433
1634127705.884,1.437,1.431
1634127706.187,1.431,1.433
1634127706.486,1.423,1.431
1634127706.785,1.433,1.431
1634127707.088,1.435,1.431
1634127707.387,1.427,1.433
1634127707.686,1.435,1.431
1634127707.989,1.429,1.431
1634127708.289,1.429,1.431
1634127708.587,1.429,1.431
1634127708.887,1.433,1.431
1634127709.189,1.431,1.431
1634127709.489,1.427,1.431
1634127709.788,1.433,1.431
1634127710.091,1.431,1.431
1634127710.39,1.429,1.431
1634127710.689,1.433,1.431
1634127710.992,1.429,1.431
1634127711.291,1.427,1.431
1634127711.59,1.435,1.431
1634127711.889,1.429,1.431
1634127712.192,1.435,1.431
1634127712.491,1.423,1.431
1634127712.79,1.429,1.431
1634127713.093,1.425,1.431
1634127713.392,1.429,1.431
1634127713.691,1.421,1.431
1634127713.994,1.427,1.429
1634127714.293,1.429,1.429
1634127714.592,1.427,1.429
1634127714.895,1.429,1.429
1634127715.194,1.427,1.429
1634127715.493,1.431,1.427
1634127715.792,1.431,1.429
1634127716.095,1.429,1.429
1634127716.394,1.425,1.429
1634127716.693,1.429,1.429
1634127716.996,1.423,1.429
1634127717.295,1.431,1.429
1634127717.594,1.421,1.429
1634127717.897,1.437,1.429
1634127718.196,1.433,1.429
1634127718.495,1.433,1.429
1634127718.798,1.425,1.431
1634127719.097,1.429,1.429
1634127719.396,1.429,1.429
1634127719.695,1.429,1.429
1634127719.998,1.417,1.429
1634127720.297,1.427,1.429
1634127720.597,1.421,1.429
1634127720.899,1.435,1.429
1634127721.198,1.419,1.429
1634127721.498,1.421,1.427
1634127721.8,1.425,1.427
1634127722.1,1.429,1.427
1634127722.399,1.419,1.427
1634127722.702,1.431,1.425
1634127723.001,1.427,1.425
1634127723.3,1.427,1.427
1634127723.599,1.433,1.427
1634127723.902,1.437,1.427
1634127724.201,1.425,1.427
1634127724.5,1.433,1.429
1634127724.803,1.425,1.429
1634127725.102,1.425,1.429
1634127725.401,1.431,1.429
1634127725.704,1.437,1.431
1634127726.003,1.427,1.431
1634127726.302,1.429,1.431
1634127726.605,1.423,1.431
1634127726.904,1.427,1.431
1634127727.203,1.423,1.429
1634127727.502,1.423,1.429
1634127727.805,1.427,1.427
1634127728.104,1.421,1.429
1634127728.403,1.425,1.427
1634127728.706,1.429,1.427
1634127729.005,1.437,1.427
1634127729.304,1.427,1.427
1634127729.607,1.427,1.427
1634127729.906,1.439,1.427
1634127730.205,1.429,1.429
1634127730.508,1.431,1.429
1634127730.807,1.423,1.431
1634127731.106,1.423,1.429
1634127731.405,1.427,1.429
1634127731.708,1.435,1.431
1634127732.007,1.423,1.431
1634127732.306,1.419,1.429
1634127732.609,1.429,1.429
1634127732.908,1.427,1.429
1634127733.207,1.429,1.427
1634127733.51,1.427,1.427
1634127733.81,1.425,1.427
1634127734.109,1.423,1.427
1634127734.408,1.429,1.427
1634127734.711,1.419,1.427
1634127735.01,1.433,1.425
1634127735.309,1.427,1.427
1634127735.612,1.425,1.427
1634127735.911,1.425,1.427
1634127736.21,1.433,1.427
1634127736.513,1.425,1.427
1634127736.812,1.435,1.427
1634127737.111,1.431,1.429
1634127737.414,1.431,1.429
1634127737.713,1.417,1.429
1634127738.012,1.429,1.429
1634127738.311,1.425,1.429
1634127738.614,1.427,1.429
1634127738.913,1.437,1.429
1634127739.212,1.421,1.429
1634127739.515,1.431,1.429
1634127739.814,1.429,1.429
1634127740.113,1.421,1.429
1634127740.416,1.417,1.427
1634127740.715,1.435,1.427
1634127741.014,1.429,1.429
1634127741.317,1.431,1.429
1634127741.616,1.425,1.429
1634127741.915,1.431,1.429
1634127742.214,1.423,1.427
1634127742.517,1.419,1.429
1634127742.816,1.427,1.427
1634127743.115,1.427,1.427
1634127743.418,1.423,1.427
1634127743.717,1.427,1.427
1634127744.016,1.429,1.427
1634127744.319,1.423,1.427
1634127744.618,1.425,1.427
1634127744.917,1.427,1.427
1634127745.22,1.425,1.425
1634127745.519,1.431,1.427
1634127745.818,1.429,1.427
1634127746.118,1.433,1.427
1634127746.42,1.419,1.429
1634127746.72,1.427,1.427
1634127747.019,1.411,1.427
1634127747.321,1.433,1.425
1634127747.621,1.421,1.427
1634127747.92,1.433,1.427
1634127748.223,1.425,1.427
1634127748.522,1.427,1.427
1634127748.821,1.423,1.427
1634127749.124,1.425,1.427
1634127749.423,1.425,1.425
1634127749.722,1.443,1.425
1634127750.021,1.425,1.427
1634127750.324,1.417,1.429
1634127750.623,1.413,1.427
1634127750.922,1.423,1.427
1634127751.225,1.423,1.425
1634127751.524,1.425,1.425
1634127751.823,1.431,1.425
1634127752.126,1.439,1.425
1634127752.425,1.431,1.427
1634127752.724,1.423,1.427
1634127753.027,1.419,1.425
1634127753.326,1.425,1.425
1634127753.625,1.431,1.427
1634127753.924,1.427,1.427
1634127754.227,1.431,1.429
1634127754.526,1.419,1.429
1634127754.825,1.429,1.429
1634127755.128,1.427,1.429
1634127755.427,1.423,1.427
1634127755.726,1.423,1.427
1634127756.029,1.433,1.427
1634127756.328,1.427,1.427
1634127756.627,1.429,1.427
1634127756.926,1.421,1.427
1634127757.229,1.421,1.427
1634127757.528,1.417,1.427
1634127757.827,1.425,1.425
1634127758.13,1.427,1.425
1634127758.429,1.433,1.425
1634127758.729,1.433,1.427
1634127759.031,1.423,1.427
1634127759.33,1.419,1.427
1634127759.63,1.421,1.425
1634127759.932,1.425,1.425
1634127760.232,1.427,1.425
1634127760.531,1.425,1.425
1634127760.83,1.423,1.427
1634127761.133,1.431,1.427
1634127761.432,1.425,1.427
1634127761.731,1.435,1.427
1634127762.034,1.435,1.427
1634127762.333,1.433,1.427
1634127762.632,1.435,1.429
1634127762.935,1.423,1.431
1634127763.234,1.429,1.431
1634127763.533,1.433,1.431
1634127763.836,1.433,1.431
1634127764.135,1.427,1.433
1634127764.434,1.431,1.431
1634127764.733,1.437,1.433
1634127765.036,1.435,1.433
1634127765.335,1.423,1.433
1634127765.634,1.431,1.431
1634127765.937,1.423,1.431
1634127766.236,1.435,1.431
1634127766.535,1.427,1.431
1634127766.838,1.433,1.431
1634127767.137,1.433,1.431
1634127767.436,1.429,1.431
1634127767.739,1.421,1.431
1634127768.038,1.433,1.429
1634127768.337,1.423,1.429
1634127768.636,1.427,1.429
1634127768.939,1.429,1.429
1634127769.238,1.427,1.429
1634127769.537,1.427,1.429
1634127769.84,1.423,1.429
1634127770.139,1.419,1.429
1634127770.439,1.429,1.427
1634127770.741,1.423,1.427
1634127771.04,1.431,1.427
1634127771.34,1.427,1.427
1634127771.642,1.429,1.427
1634127771.941,1.427,1.427
1634127772.241,1.417,1.427
1634127772.54,1.421,1.427
1634127772.842,1.429,1.425
1634127773.142,1.421,1.427
1634127773.441,1.429,1.427
1634127773.744,1.427,1.427
1634127774.043,1.421,1.427
1634127774.342,1.423,1.425
1634127774.645,1.427,1.425
1634127774.944,1.425,1.425
1634127775.243,1.427,1.425
1634127775.546,1.427,1.425
1634127775.845,1.429,1.427
1634127776.144,1.427,1.427
1634127776.443,1.427,1.427
1634127776.746,1.429,1.427
1634127777.045,1.427,1.427
1634127777.344,1.431,1.427
1634127777.647,1.429,1.429
1634127777.946,1.433,1.429
1634127778.245,1.427,1.429
1634127778.548,1.433,1.429
1634127778.847,1.425,1.431
1634127779.146,1.425,1.429
1634127779.445,1.427,1.429
1634127779.748,1.427,1.429
1634127780.047,1.423,1.429
1634127780.346,1.431,1.429
1634127780.649,1.435,1.429
1634127780.948,1.423,1.429
1634127781.247,1.425,1.429
1634127781.55,1.439,1.429
1634127781.849,1.427,1.429
1634127782.148,1.429,1.429
1634127782.451,1.425,1.429
1634127782.75,1.423,1.429
1634127783.049,1.431,1.429
1634127783.348,1.427,1.429
1634127783.651,1.421,1.429
1634127783.95,1.433,1.427
1634127784.25,1.427,1.429
1634127784.552,1.423,1.429
1634127784.852,1.427,1.427
1634127785.151,1.433,1.427
1634127785.453,1.423,1.427
1634127785.753,1.425,1.427
1634127786.052,1.429,1.427
1634127786.355,1.431,1.427
1634127786.654,1.425,1.429
1634127786.953,1.427,1.429
1634127787.252,1.435,1.427
1634127787.555,1.429,1.429
1634127787.854,1.423,1.429
1634127788.153,1.419,1.429
1634127788.456,1.429,1.427
1634127788.755,1.429,1.429
1634127789.054,1.431,1.429
1634127789.357,1.427,1.429
1634127789.656,1.427,1.429
1634127789.955,1.433,1.429
1634127790.258,1.433,1.429
1634127790.557,1.427,1.429
1634127790.856,1.431,1.429
1634127791.155,1.431,1.429
1634127791.458,1.431,1.431
1634127791.757,1.423,1.431
1634127792.056,1.425,1.431
1634127792.359,1.427,1.429
1634127792.658,1.435,1.429
1634127792.957,1.419,1.431
1634127793.26,1.437,1.429
1634127793.559,1.433,1.429
1634127793.858,1.429,1.431
1634127794.161,1.423,1.429
1634127794.46,1.423,1.429
1634127794.759,1.429,1.429
1634127795.058,1.427,1.429
1634127795.361,1.429,1.429
1634127795.66,1.427,1.429
1634127795.959,1.429,1.429
1634127796.262,1.435,1.429
1634127796.561,1.435,1.429
1634127796.861,1.425,1.429
1634127797.163,1.425,1.429
1634127797.462,1.433,1.429
1634127797.762,1.427,1.431
1634127798.064,1.441,1.431
1634127798.364,1.425,1.431
1634127798.663,1.423,1.431
1634127798.962,1.421,1.431
1634127799.265,1.423,1.429
1634127799.564,1.421,1.429
1634127799.863,1.433,1.427
1634127800.166,1.425,1.429
1634127800.465,1.425,1.429
1634127800.764,1.429,1.427
1634127801.067,1.439,1.427
1634127801.366,1.417,1.427
1634127801.665,1.429,1.427
1634127801.964,1.429,1.427
1634127802.267,1.425,1.427
1634127802.566,1.437,1.429
1634127802.865,1.433,1.429
1634127803.168,1.423,1.429
1634127803.467,1.427,1.429
1634127803.766,1.427,1.429
1634127804.069,1.433,1.429
1634127804.368,1.427,1.429
1634127804.667,1.429,1.429
1634127804.97,1.435,1.429
1634127805.269,1.431,1.431
1634127805.568,1.429,1.431
1634127805.867,1.431,1.431
1634127806.17,1.433,1.431
1634127806.469,1.429,1.431
1634127806.768,1.429,1.431
1634127807.071,1.427,1.431
1634127807.37,1.443,1.431
1634127807.669,1.427,1.433
1634127807.972,1.427,1.433
1634127808.271,1.431,1.431
1634127808.57,1.439,1.431
1634127808.873,1.435,1.433
1634127809.172,1.425,1.433
1634127809.471,1.431,1.433
1634127809.771,1.431,1.433
1634127810.073,1.429,1.433
1634127810.373,1.431,1.433
1634127810.672,1.427,1.431
1634127810.975,1.423,1.431
1634127811.274,1.439,1.431
1634127811.573,1.427,1.431
1634127811.876,1.433,1.431
1634127812.175,1.431,1.431
1634127812.474,1.437,1.431
1634127812.777,1.423,1.431
1634127813.076,1.425,1.431
1634127813.375,1.421,1.431
1634127813.674,1.431,1.429
1634127813.977,1.427,1.429
1634127814.276,1.431,1.431
1634127814.575,1.433,1.429
1634127814.878,1.425,1.431
1634127815.177,1.433,1.429
1634127815.476,1.435,1.429
1634127815.779,1.423,1.429
1634127816.078,1.425,1.429
1634127816.377,1.425,1.429
1634127816.68,1.429,1.429
1634127816.979,1.425,1.429
1634127817.278,1.435,1.429
1634127817.577,1.433,1.429
1634127817.88,1.431,1.429
1634127818.179,1.429,1.431
1634127818.478,1.429,1.429
1634127818.781,1.435,1.429
1634127819.08,1.429,1.431
1634127819.379,1.427,1.431
1634127819.682,1.423,1.431
1634127819.981,1.425,1.431
1634127820.28,1.427,1.431
1634127820.583,1.435,1.429
1634127820.882,1.425,1.429
1634127821.181,1.431,1.429
1634127821.481,1.427,1.429
1634127821.783,1.433,1.429
1634127822.083,1.419,1.429
1634127822.382,1.433,1.429
1634127822.684,1.421,1.429
1634127822.984,1.431,1.429
1634127823.283,1.435,1.429
1634127823.586,1.431,1.429
1634127823.885,1.429,1.429
1634127824.184,1.427,1.429
1634127824.483,1.431,1.429
1634127824.786,1.437,1.429
1634127825.085,1.425,1.431
1634127825.384,1.437,1.431
1634127825.687,1.427,1.431
1634127825.986,1.429,1.431
1634127826.285,1.433,1.431
1634127826.588,1.423,1.431
1634127826.887,1.435,1.431
1634127827.186,1.435,1.431
1634127827.489,1.425,1.433
1634127827.788,1.431,1.431
1634127828.087,1.425,1.431
1634127828.386,1.431,1.431
1634127828.689,1.413,1.431
1634127828.988,1.429,1.429
1634127829.287,1.433,1.429
1634127829.59,1.429,1.429
1634127829.889,1.441,1.429
1634127830.188,1.439,1.431
1634127830.491,1.429,1.431
1634127830.79,1.425,1.431
1634127831.089,1.437,1.431
1634127831.392,1.437,1.431
1634127831.691,1.429,1.433
1634127831.99,1.429,1.433
1634127832.289,1.433,1.433
1634127832.592,1.441,1.433
1634127832.891,1.423,1.435
1634127833.19,1.437,1.433
1634127833.493,1.435,1.433
1634127833.792,1.429,1.433
1634127834.092,1.429,1.433
1634127834.394,1.435,1.433
1634127834.693,1.433,1.433
1634127834.993,1.429,1.433
1634127835.295,1.435,1.433
1634127835.595,1.423,1.433
1634127835.894,1.425,1.431
1634127836.193,1.431,1.431
1634127836.496,1.423,1.431
1634127836.795,1.429,1.431
1634127837.094,1.439,1.431
1634127837.397,1.431,1.431
1634127837.696,1.429,1.431
1634127837.995,1.427,1.431
1634127838.298,1.431,1.431
1634127838.597,1.435,1.429
1634127838.896,1.435,1.431
1634127839.199,1.429,1.431
1634127839.498,1.423,1.431
1634127839.797,1.427,1.431
1634127840.096,1.429,1.431
1634127840.399,1.423,1.431
1634127840.698,1.429,1.429
1634127840.997,1.425,1.429
1634127841.3,1.433,1.429
1634127841.599,1.435,1.429
1634127841.898,1.425,1.429
1634127842.201,1.431,1.429
1634127842.5,1.429,1.429
1634127842.799,1.427,1.429
1634127843.098,1.423,1.429
1634127843.401,1.429,1.429
1634127843.7,1.427,1.429
1634127843.999,1.431,1.429
1634127844.302,1.425,1.429
1634127844.601,1.425,1.429
1634127844.9,1.437,1.429
1634127845.203,1.429,1.429
1634127845.502,1.433,1.429
1634127845.801,1.427,1.429
1634127846.104,1.419,1.429
1634127846.403,1.421,1.429
1634127846.702,1.425,1.429
1634127847.002,1.431,1.429
1634127847.304,1.433,1.429
1634127847.604,1.431,1.429
1634127847.903,1.427,1.429
1634127848.205,1.433,1.429
1634127848.505,1.433,1.429
1634127848.804,1.433,1.429
1634127849.107,1.425,1.429
1634127849.406,1.423,1.431
1634127849.705,1.435,1.431
1634127850.008,1.433,1.431
1634127850.307,1.427,1.431
1634127850.606,1.425,1.431
1634127850.905,1.427,1.431
1634127851.208,1.433,1.431
1634127851.507,1.429,1.431
1634127851.806,1.429,1.429
1634127852.109,1.431,1.429
1634127852.408,1.429,1.431
1634127852.707,1.433,1.431
1634127853.01,1.427,1.431
1634127853.309,1.439,1.429
1634127853.608,1.443,1.431
1634127853.911,1.437,1.433
1634127854.21,1.431,1.433
1634127854.509,1.441,1.433
1634127854.808,1.435,1.435
1634127855.111,1.435,1.435
1634127855.41,1.431,1.435
1634127855.709,1.425,1.437
1634127856.012,1.427,1.435
1634127856.311,1.433,1.435
1634127856.61,1.433,1.435
1634127856.913,1.431,1.433
1634127857.212,1.443,1.433
1634127857.511,1.433,1.435
1634127857.814,1.435,1.433
1634127858.113,1.425,1.433
1634127858.412,1.429,1.433
1634127858.711,1.431,1.433
1634127859.014,1.427,1.433
1634127859.313,1.433,1.433
1634127859.613,1.429,1.433
1634127859.915,1.437,1.433
1634127860.214,1.431,1.433
1634127860.514,1.425,1.431
1634127860.817,1.431,1.431
1634127861.116,1.433,1.431
1634127861.415,1.437,1.431
1634127861.718,1.437,1.433
1634127862.017,1.435,1.433
1634127862.316,1.437,1.433
1634127862.615,1.429,1.435
1634127862.918,1.433,1.435
1634127863.217,1.431,1.433
1634127863.516,1.423,1.433
1634127863.819,1.437,1.433
1634127864.118,1.427,1.435
1634127864.417,1.431,1.433
1634127864.72,1.423,1.433
1634127865.019,1.431,1.431
1634127865.318,1.421,1.431
1634127865.617,1.427,1.429
1634127865.92,1.431,1.429
1634127866.219,1.433,1.429
1634127866.518,1.435,1.429
1634127866.821,1.427,1.431
1634127867.12,1.427,1.429
1634127867.419,1.429,1.429
1634127867.722,1.425,1.429
1634127868.021,1.429,1.429
1634127868.32,1.427,1.429
1634127868.623,1.429,1.429
1634127868.922,1.423,1.431
1634127869.221,1.425,1.429
1634127869.52,1.435,1.429
1634127869.823,1.423,1.429
1634127870.122,1.435,1.429
1634127870.421,1.429,1.429
1634127870.724,1.423,1.429
1634127871.023,1.433,1.429
1634127871.322,1.425,1.429
1634127871.625,1.417,1.429
1634127871.924,1.421,1.427
1634127872.223,1.427,1.427
1634127872.526,1.419,1.427
1634127872.825,1.427,1.427
1634127873.125,1.425,1.427
1634127873.424,1.431,1.425
1634127873.727,1.429,1.425
1634127874.026,1.419,1.427
1634127874.325,1.427,1.425
1634127874.628,1.427,1.425
1634127874.927,1.433,1.427
1634127875.226,1.415,1.427
1634127875.529,1.427,1.427
1634127875.828,1.423,1.427
1634127876.127,1.419,1.427
1634127876.43,1.421,1.425
1634127876.729,1.429,1.425
1634127877.028,1.423,1.425
1634127877.327,1.423,1.425
1634127877.63,1.423,1.425
1634127877.929,1.433,1.425
1634127878.228,1.425,1.425
1634127878.531,1.427,1.425
1634127878.83,1.431,1.425
1634127879.129,1.435,1.427
1634127879.432,1.427,1.427
1634127879.731,1.431,1.429
1634127880.03,1.427,1.429
1634127880.333,1.423,1.429
1634127880.632,1.421,1.429
1634127880.931,1.437,1.429
1634127881.23,1.429,1.429
1634127881.533,1.441,1.429
1634127881.832,1.425,1.431
1634127882.131,1.421,1.431
1634127882.434,1.423,1.429
1634127882.733,1.423,1.429
1634127883.032,1.431,1.427
1634127883.335,1.433,1.429
1634127883.634,1.429,1.429
1634127883.933,1.427,1.431
1634127884.236,1.425,1.429
1634127884.535,1.435,1.429
1634127884.834,1.423,1.429
1634127885.134,1.431,1.427
1634127885.436,1.419,1.429
1634127885.736,1.433,1.429
1634127886.035,1.429,1.429
1634127886.337,1.431,1.429
1634127886.637,1.429,1.429
1634127886.936,1.435,1.429
1634127887.239,1.427,1.429
1634127887.538,1.421,1.431
1634127887.837,1.427,1.429
1634127888.136,1.423,1.429
1634127888.439,1.425,1.429
1634127888.738,1.433,1.429
1634127889.037,1.435,1.429
1634127889.34,1.427,1.429
1634127889.639,1.423,1.429
1634127889.938,1.429,1.429
1634127890.241,1.439,1.427
1634127890.54,1.433,1.429
1634127890.839,1.431,1.431
1634127891.142,1.427,1.431
1634127891.441,1.419,1.431
1634127891.74,1.423,1.431
1634127892.039,1.431,1.429
1634127892.342,1.425,1.429
1634127892.641,1.427,1.429
1634127892.94,1.439,1.429
1634127893.243,1.431,1.431
1634127893.542,1.425,1.429
1634127893.841,1.423,1.429
1634127894.144,1.431,1.427
1634127894.443,1.423,1.429
1634127894.742,1.419,1.429
1634127895.045,1.421,1.429
1634127895.344,1.425,1.427
1634127895.643,1.427,1.427
1634127895.942,1.421,1.427
1634127896.245,1.437,1.425
1634127896.544,1.423,1.427
1634127896.843,1.423,1.425
1634127897.146,1.421,1.425
1634127897.445,1.429,1.425
1634127897.745,1.419,1.425
1634127898.047,1.421,1.425
1634127898.347,1.425,1.425
1634127898.646,1.423,1.425
1634127898.949,1.421,1.425
1634127899.248,1.433,1.425
1634127899.547,1.423,1.425
1634127899.846,1.437,1.425
1634127900.149,1.431,1.427
1634127900.448,1.419,1.427
1634127900.747,1.427,1.427
1634127901.05,1.419,1.427
1634127901.349,1.427,1.427
1634127901.648,1.431,1.427
1634127901.951,1.421,1.427
1634127902.25,1.421,1.427
1634127902.549,1.429,1.427
1634127902.852,1.423,1.427
1634127903.151,1.427,1.425
1634127903.45,1.417,1.425
1634127903.749,1.427,1.425
1634127904.052,1.419,1.425
1634127904.351,1.415,1.425
1634127904.65,1.427,1.423
1634127904.953,1.425,1.423
1634127905.252,1.421,1.423
1634127905.551,1.425,1.423
1634127905.854,1.429,1.423
1634127906.153,1.425,1.425
1634127906.452,1.427,1.423
1634127906.751,1.431,1.425
1634127907.054,1.431,1.425
1634127907.353,1.421,1.427
1634127907.652,1.423,1.427
1634127907.955,1.427,1.427
1634127908.254,1.425,1.427
1634127908.553,1.423,1.427
1634127908.856,1.419,1.427
1634127909.155,1.423,1.427
1634127909.454,1.415,1.425
1634127909.757,1.427,1.425
1634127910.056,1.427,1.425
1634127910.356,1.427,1.423
1634127910.655,1.431,1.425
1634127910.958,1.431,1.425
1634127911.257,1.425,1.425
1634127911.556,1.429,1.425
1634127911.859,1.425,1.427
1634127912.158,1.427,1.427
1634127912.457,1.431,1.427
1634127912.76,1.419,1.429
1634127913.059,1.423,1.429
1634127913.358,1.429,1.427
1634127913.661,1.429,1.427
1634127913.96,1.431,1.427
1634127914.259,1.427,1.427
1634127914.558,1.423,1.427
1634127914.861,1.415,1.427
1634127915.16,1.433,1.427
1634127915.459,1.429,1.427
1634127915.762,1.427,1.427
1634127916.061,1.425,1.427
1634127916.36,1.425,1.427
1634127916.663,1.429,1.427
1634127916.962,1.431,1.427
1634127917.261,1.443,1.427
1634127917.564,1.431,1.429
1634127917.863,1.427,1.429
1634127918.162,1.429,1.431
1634127918.461,1.429,1.431
1634127918.764,1.433,1.431
1634127919.063,1.427,1.431
1634127919.362,1.433,1.431
1634127919.665,1.429,1.433
1634127919.964,1.425,1.433
1634127920.263,1.423,1.431
1634127920.566,1.429,1.429
1634127920.865,1.431,1.429
1634127921.164,1.425,1.429
1634127921.467,1.429,1.429
1634127921.766,1.423,1.429
1634127922.065,1.423,1.429
1634127922.364,1.427,1.427
1634127922.667,1.425,1.427
1634127922.966,1.425,1.427
1634127923.266,1.425,1.427
1634127923.568,1.429,1.427
1634127923.867,1.423,1.427
1634127924.167,1.423,1.427
1634127924.47,1.433,1.427
1634127924.769,1.425,1.427
1634127925.068,1.431,1.427
1634127925.367,1.429,1.427
1634127925.67,1.427,1.427
1634127925.969,1.431,1.427
1634127926.268,1.423,1.429
1634127926.571,1.429,1.429
1634127926.87,1.429,1.429
1634127927.169,1.429,1.429
1634127927.472,1.433,1.429
1634127927.771,1.435,1.429
1634127928.07,1.425,1.431
1634127928.373,1.419,1.429
1634127928.672,1.429,1.429
1634127928.971,1.429,1.429
1634127929.27,1.435,1.429
1634127929.573,1.437,1.431
1634127929.872,1.423,1.431
1634127930.171,1.421,1.431
1634127930.474,1.431,1.429
1634127930.773,1.425,1.429
1634127931.072,1.429,1.429
1634127931.375,1.425,1.429
1634127931.674,1.429,1.429
1634127931.973,1.425,1.429
1634127932.276,1.421,1.429
1634127932.575,1.421,1.427
1634127932.874,1.429,1.425
1634127933.173,1.425,1.427
1634127933.476,1.421,1.427
1634127933.775,1.425,1.425
1634127934.074,1.427,1.425
1634127934.377,1.423,1.425
1634127934.676,1.421,1.425
1634127934.975,1.425,1.425
1634127935.278,1.429,1.425
1634127935.577,1.425,1.425
1634127935.876,1.425,1.425
1634127936.179,1.423,1.425
1634127936.479,1.427,1.425
1634127936.778,1.421,1.425
1634127937.077,1.427,1.425
1634127937.38,1.421,1.425
1634127937.679,1.437,1.425
1634127937.978,1.421,1.427
1634127938.281,1.429,1.427
1634127938.58,1.421,1.427
1634127938.879,1.423,1.427
1634127939.182,1.421,1.425
1634127939.481,1.427,1.425
1634127939.78,1.435,1.425
1634127940.083,1.425,1.427
1634127940.382,1.429,1.427
1634127940.681,1.429,1.427
1634127940.98,1.421,1.427
1634127941.283,1.427,1.427
1634127941.582,1.433,1.427
1634127941.881,1.421,1.427
1634127942.184,1.423,1.427
1634127942.483,1.427,1.427
1634127942.782,1.417,1.427
1634127943.085,1.425,1.427
1634127943.384,1.427,1.427
1634127943.683,1.433,1.425
1634127943.982,1.427,1.427
1634127944.285,1.423,1.427
1634127944.584,1.435,1.427
1634127944.883,1.425,1.427
1634127945.186,1.435,1.427
1634127945.485,1.435,1.429
1634127945.784,1.423,1.429
1634127946.087,1.429,1.429
1634127946.386,1.431,1.431
1634127946.685,1.423,1.431
1634127946.988,1.425,1.429
1634127947.287,1.425,1.429
1634127947.586,1.425,1.429
1634127947.886,1.417,1.429
1634127948.188,1.423,1.427
1634127948.488,1.431,1.427
1634127948.787,1.421,1.427
1634127949.089,1.423,1.425
1634127949.389,1.429,1.425
1634127949.688,1.417,1.425
1634127949.991,1.421,1.425
1634127950.29,1.417,1.425
1634127950.589,1.425,1.423
1634127950.892,1.423,1.423
1634127951.191,1.427,1.423
1634127951.49,1.427,1.425
1634127951.789,1.431,1.423
1634127952.092,1.415,1.425
1634127952.391,1.427,1.425
1634127952.69,1.421,1.423
1634127952.993,1.433,1.425
1634127953.292,1.429,1.425
1634127953.591,1.425,1.427
1634127953.894,1.423,1.427
1634127954.193,1.421,1.427
1634127954.492,1.429,1.427
1634127954.795,1.421,1.427
1634127955.094,1.417,1.425
1634127955.393,1.423,1.425
1634127955.692,1.425,1.425
1634127955.995,1.427,1.425
1634127956.294,1.423,1.425
1634127956.593,1.435,1.425
1634127956.896,1.425,1.425
1634127957.195,1.423,1.425
1634127957.494,1.423,1.425
1634127957.797,1.417,1.425
1634127958.096,1.421,1.425
1634127958.395,1.421,1.425
1634127958.698,1.421,1.425
1634127958.997,1.425,1.425
1634127959.296,1.421,1.425
1634127959.596,1.433,1.425
1634127959.898,1.419,1.423
1634127960.197,1.417,1.423
1634127960.497,1.427,1.423
1634127960.799,1.425,1.423
1634127961.098,1.425,1.423
1634127961.398,1.425,1.425
1634127961.7,1.423,1.425
1634127962.0,1.427,1.425
1634127962.299,1.429,1.425
1634127962.598,1.425,1.425
1634127962.901,1.423,1.425
1634127963.2,1.423,1.425
1634127963.499,1.425,1.427
1634127963.802,1.427,1.425
1634127964.101,1.417,1.427
1634127964.4,1.429,1.425
1634127964.703,1.419,1.425
1634127965.002,1.429,1.425
1634127965.301,1.419,1.425
1634127965.604,1.427,1.425
1634127965.903,1.421,1.425
1634127966.202,1.421,1.425
1634127966.501,1.417,1.425
1634127966.804,1.421,1.423
1634127967.103,1.415,1.423
1634127967.402,1.419,1.423
1634127967.705,1.423,1.421
1634127968.004,1.419,1.423
1634127968.303,1.423,1.421
1634127968.606,1.431,1.421
1634127968.905,1.423,1.421
1634127969.204,1.421,1.423
1634127969.507,1.423,1.423
1634127969.806,1.417,1.423
1634127970.105,1.427,1.423
1634127970.404,1.427,1.423
1634127970.707,1.433,1.425
1634127971.006,1.439,1.425
1634127971.305,1.427,1.427
1634127971.608,1.423,1.427
1634127971.907,1.429,1.427
1634127972.206,1.429,1.427
1634127972.509,1.431,1.429
1634127972.808,1.433,1.429
1634127973.107,1.421,1.431
1634127973.41,1.427,1.431
1634127973.709,1.429,1.431
1634127974.009,1.425,1.429
1634127974.308,1.421,1.429
1634127974.61,1.417,1.427
1634127974.91,1.419,1.427
1634127975.209,1.425,1.427
1634127975.512,1.423,1.425
1634127975.811,1.429,1.425
1634127976.11,1.431,1.425
1634127976.413,1.423,1.425
1634127976.712,1.431,1.425
1634127977.011,1.425,1.425
1634127977.314,1.431,1.425
1634127977.613,1.423,1.427
1634127977.912,1.421,1.427
1634127978.211,1.423,1.427
1634127978.514,1.429,1.427
1634127978.813,1.425,1.427
1634127979.112,1.435,1.427
1634127979.415,1.421,1.427
1634127979.714,1.425,1.427
1634127980.013,1.427,1.427
1634127980.316,1.425,1.427
1634127980.615,1.423,1.427
1634127980.914,1.429,1.427
1634127981.213,1.435,1.427
1634127981.516,1.423,1.429
1634127981.815,1.435,1.427
1634127982.114,1.429,1.429
1634127982.417,1.429,1.429
1634127982.716,1.423,1.429
1634127983.015,1.427,1.429
1634127983.318,1.425,1.429
1634127983.617,1.423,1.429
1634127983.916,1.433,1.429
1634127984.219,1.423,1.429
1634127984.518,1.427,1.427
1634127984.817,1.427,1.429
1634127985.116,1.425,1.427
1634127985.419,1.427,1.427
1634127985.718,1.423,1.427
1634127986.018,1.431,1.427
1634127986.32,1.431,1.427
1634127986.619,1.433,1.427
1634127986.919,1.429,1.429
1634127987.221,1.431,1.429
1634127987.521,1.429,1.429
1634127987.82,1.427,1.429
1634127988.123,1.433,1.429
1634127988.422,1.427,1.431
1634127988.721,1.431,1.431
1634127989.02,1.429,1.431
1634127989.323,1.433,1.431
1634127989.622,1.421,1.431
1634127989.921,1.421,1.429
1634127990.224,1.425,1.429
1634127990.523,1.425,1.429
1634127990.822,1.435,1.429
1634127991.125,1.429,1.429
1634127991.424,1.423,1.429
1634127991.723,1.429,1.429
1634127992.026,1.421,1.427
1634127992.325,1.425,1.427
1634127992.624,1.421,1.427
1634127992.923,1.419,1.427
1634127993.226,1.427,1.427
1634127993.525,1.429,1.427
1634127993.824,1.419,1.427
1634127994.127,1.429,1.425
1634127994.426,1.427,1.425
1634127994.725,1.429,1.425
1634127995.028,1.425,1.425
1634127995.327,1.429,1.425
1634127995.626,1.425,1.427
1634127995.925,1.421,1.427
1634127996.228,1.429,1.427
1634127996.527,1.429,1.427
1634127996.826,1.435,1.427
1634127997.129,1.431,1.429
1634127997.428,1.431,1.429
1634127997.727,1.433,1.429
1634127998.03,1.421,1.429
1634127998.329,1.429,1.429
1634127998.628,1.431,1.429
1634127998.931,1.429,1.429
1634127999.23,1.427,1.431
1634127999.53,1.427,1.431
1634127999.829,1.427,1.431
1634128000.132,1.419,1.429
1634128000.431,1.421,1.429
1634128000.73,1.431,1.427
1634128001.033,1.429,1.427
1634128001.332,1.431,1.427
1634128001.631,1.419,1.429
1634128001.934,1.429,1.427
1634128002.233,1.429,1.427
1634128002.532,1.431,1.427
1634128002.835,1.421,1.427
1634128003.134,1.427,1.427
1634128003.433,1.429,1.427
1634128003.732,1.427,1.429
1634128004.035,1.429,1.429
1634128004.334,1.421,1.429
1634128004.633,1.425,1.427
1634128004.936,1.431,1.427
1634128005.235,1.429,1.427
1634128005.534,1.425,1.427
1634128005.837,1.421,1.427
1634128006.136,1.419,1.427
1634128006.435,1.421,1.427
1634128006.738,1.425,1.425
1634128007.037,1.425,1.425
1634128007.336,1.421,1.425
1634128007.635,1.421,1.425
1634128007.938,1.423,1.425
1634128008.237,1.421,1.423
1634128008.536,1.427,1.423
1634128008.839,1.425,1.423
1634128009.138,1.423,1.423
1634128009.437,1.433,1.425
1634128009.74,1.423,1.425
1634128010.039,1.423,1.425
1634128010.338,1.431,1.425
1634128010.637,1.435,1.425
1634128010.94,1.427,1.427
1634128011.239,1.425,1.427
1634128011.539,1.425,1.429
1634128011.841,1.425,1.427
1634128012.141,1.423,1.427
1634128012.44,1.421,1.427
1634128012.742,1.413,1.427
1634128013.042,1.427,1.425
1634128013.341,1.421,1.427
1634128013.644,1.429,1.425
1634128013.943,1.421,1.425
1634128014.242,1.425,1.423
1634128014.541,1.435,1.423
1634128014.844,1.425,1.425
1634128015.143,1.431,1.425
1634128015.442,1.431,1.425
1634128015.745,1.427,1.427
1634128016.044,1.427,1.429
1634128016.343,1.433,1.429
1634128016.646,1.429,1.429
1634128016.945,1.421,1.429
1634128017.244,1.419,1.429
1634128017.547,1.423,1.429
1634128017.846,1.423,1.427
1634128018.145,1.429,1.427
1634128018.444,1.429,1.427
1634128018.747,1.425,1.427
1634128019.046,1.429,1.427
1634128019.345,1.421,1.427
1634128019.648,1.425,1.425
1634128019.947,1.425,1.425
1634128020.246,1.417,1.425
1634128020.549,1.425,1.425
1634128020.848,1.423,1.425
1634128021.147,1.425,1.425
1634128021.45,1.433,1.425
1634128021.749,1.429,1.425
1634128022.048,1.425,1.427
1634128022.347,1.427,1.425
1634128022.65,1.435,1.427
1634128022.949,1.423,1.427
1634128023.249,1.427,1.427
1634128023.551,1.423,1.429
1634128023.85,1.427,1.427
1634128024.15,1.423,1.429
1634128024.452,1.427,1.429
1634128024.751,1.423,1.427
1634128025.051,1.425,1.427
1634128025.35,1.421,1.427
1634128025.653,1.429,1.427
1634128025.952,1.419,1.425
1634128026.251,1.437,1.425
1634128026.554,1.419,1.427
1634128026.853,1.423,1.425
1634128027.152,1.427,1.425
1634128027.455,1.431,1.425
1634128027.754,1.433,1.427
1634128028.053,1.423,1.427
1634128028.356,1.427,1.427
1634128028.655,1.431,1.427
1634128028.954,1.425,1.427
1634128029.253,1.427,1.429
1634128029.556,1.425,1.427
1634128029.855,1.429,1.429
1634128030.154,1.429,1.429
1634128030.457,1.427,1.429
1634128030.756,1.427,1.429
1634128031.055,1.433,1.427
1634128031.358,1.425,1.429
1634128031.657,1.431,1.429
1634128031.956,1.423,1.429
1634128032.259,1.425,1.429
1634128032.558,1.421,1.429
1634128032.857,1.425,1.427
1634128033.156,1.421,1.427
1634128033.459,1.431,1.427
1634128033.758,1.427,1.427
1634128034.057,1.435,1.427
1634128034.36,1.427,1.427
1634128034.659,1.419,1.427
1634128034.959,1.429,1.427
1634128035.261,1.429,1.427
1634128035.56,1.431,1.427
1634128035.859,1.431,1.429
1634128036.162,1.433,1.429
1634128036.461,1.417,1.431
1634128036.76,1.427,1.429
1634128037.06,1.425,1.429
1634128037.362,1.431,1.427
1634128037.662,1.437,1.429
1634128037.961,1.427,1.429
1634128038.264,1.431,1.429
1634128038.563,1.427,1.429
1634128038.862,1.433,1.429
1634128039.165,1.429,1.429
1634128039.464,1.423,1.429
1634128039.763,1.429,1.429
1634128040.062,1.427,1.431
1634128040.365,1.429,1.431
1634128040.664,1.427,1.431
1634128040.963,1.433,1.429
1634128041.266,1.429,1.429
1634128041.565,1.427,1.429
1634128041.864,1.427,1.429
1634128042.167,1.419,1.429
1634128042.466,1.433,1.427
1634128042.765,1.427,1.429
1634128043.068,1.425,1.429
1634128043.367,1.419,1.429
1634128043.666,1.425,1.427
1634128043.965,1.427,1.427
1634128044.268,1.431,1.427
1634128044.567,1.431,1.427
1634128044.866,1.423,1.427
1634128045.169,1.427,1.427
1634128045.468,1.429,1.427
1634128045.767,1.421,1.427
1634128046.07,1.429,1.427
1634128046.369,1.425,1.427
1634128046.668,1.427,1.427
1634128046.971,1.431,1.427
1634128047.27,1.435,1.429
1634128047.569,1.421,1.429
1634128047.868,1.419,1.427
1634128048.171,1.427,1.427
1634128048.47,1.431,1.427
1634128048.77,1.421,1.427
1634128049.072,1.423,1.427
1634128049.371,1.431,1.427
1634128049.671,1.429,1.427
1634128049.973,1.427,1.427
1634128050.273,1.431,1.427
1634128050.572,1.427,1.427
1634128050.875,1.425,1.427
1634128051.174,1.425,1.429
1634128051.473,1.419,1.427
1634128051.772,1.421,1.427
1634128052.075,1.429,1.427
1634128052.374,1.423,1.427
1634128052.673,1.427,1.427
1634128052.976,1.429,1.427
1634128053.275,1.429,1.427
1634128053.574,1.425,1.427
1634128053.877,1.427,1.427
1634128054.176,1.415,1.427
1634128054.475,1.417,1.425
1634128054.774,1.423,1.425
1634128055.077,1.423,1.425
1634128055.376,1.417,1.425
1634128055.675,1.429,1.425
1634128055.978,1.421,1.425
1634128056.277,1.435,1.423
1634128056.576,1.425,1.425
1634128056.879,1.431,1.425
1634128057.178,1.425,1.425
1634128057.477,1.425,1.425
1634128057.78,1.431,1.427
1634128058.079,1.423,1.427
1634128058.378,1.425,1.427
1634128058.677,1.431,1.427
1634128058.98,1.427,1.429
1634128059.279,1.425,1.429
1634128059.578,1.425,1.427
1634128059.881,1.427,1.427
1634128060.18,1.433,1.427
1634128060.479,1.425,1.429
1634128060.782,1.425,1.429
1634128061.081,1.427,1.427
1634128061.38,1.431,1.427
1634128061.683,1.427,1.429
1634128061.982,1.435,1.429
1634128062.281,1.429,1.429
1634128062.581,1.425,1.429
1634128062.883,1.431,1.429
1634128063.183,1.427,1.429
1634128063.482,1.427,1.429
1634128063.785,1.431,1.429
1634128064.084,1.431,1.429
1634128064.383,1.433,1.431
1634128064.686,1.433,1.431
1634128064.985,1.431,1.431
1634128065.284,1.427,1.431
1634128065.587,1.431,1.431
1634128065.886,1.427,1.431
1634128066.185,1.431,1.431
1634128066.484,1.427,1.431
1634128066.787,1.429,1.431
1634128067.086,1.429,1.431
1634128067.385,1.425,1.431
1634128067.688,1.429,1.429
1634128067.987,1.425,1.429
1634128068.286,1.427,1.429
1634128068.589,1.421,1.429
1634128068.888,1.427,1.427
1634128069.187,1.431,1.427
1634128069.486,1.425,1.427
1634128069.789,1.423,1.427
1634128070.088,1.425,1.427
1634128070.387,1.429,1.427
1634128070.69,1.425,1.427
1634128070.989,1.431,1.427
1634128071.288,1.417,1.427
1634128071.591,1.423,1.427
1634128071.89,1.425,1.427
1634128072.189,1.421,1.427
1634128072.492,1.427,1.425
1634128072.791,1.429,1.425
1634128073.09,1.429,1.427
1634128073.389,1.427,1.427
1634128073.692,1.435,1.427
1634128073.991,1.429,1.427
1634128074.29,1.429,1.427
1634128074.593,1.423,1.429
1634128074.892,1.421,1.429
1634128075.192,1.423,1.427
1634128075.494,1.429,1.429
1634128075.794,1.431,1.429
1634128076.093,1.429,1.429
1634128076.396,1.431,1.429
1634128076.695,1.419,1.429
1634128076.994,1.419,1.427
1634128077.293,1.425,1.427
1634128077.596,1.429,1.425
1634128077.895,1.429,1.427
1634128078.194,1.431,1.427
1634128078.497,1.429,1.429
1634128078.796,1.427,1.429
1634128079.095,1.429,1.427
1634128079.398,1.421,1.427
1634128079.697,1.425,1.427
1634128079.996,1.429,1.427
1634128080.295,1.423,1.429
1634128080.598,1.435,1.429
1634128080.897,1.429,1.429
1634128081.196,1.429,1.429
1634128081.499,1.431,1.429
1634128081.798,1.427,1.429
1634128082.097,1.421,1.429
1634128082.4,1.423,1.427
1634128082.699,1.429,1.429
1634128082.998,1.429,1.429
1634128083.301,1.427,1.429
1634128083.6,1.423,1.429
1634128083.899,1.425,1.427
1634128084.198,1.417,1.427
1634128084.501,1.425,1.427
1634128084.8,1.419,1.425
1634128085.099,1.421,1.425
1634128085.402,1.431,1.425
1634128085.701,1.419,1.425
1634128086.0,1.427,1.425
1634128086.303,1.431,1.425
1634128086.602,1.429,1.425
1634128086.901,1.439,1.425
1634128087.204,1.425,1.427
1634128087.503,1.425,1.427
1634128087.803,1.425,1.427
1634128088.102,1.427,1.429
1634128088.405,1.423,1.429
1634128088.704,1.441,1.427
1634128089.003,1.435,1.431
1634128089.306,1.431,1.431
1634128089.605,1.421,1.431
1634128089.904,1.425,1.431
1634128090.207,1.425,1.429
1634128090.506,1.431,1.429
1634128090.805,1.425,1.429
1634128091.108,1.419,1.429
1634128091.407,1.433,1.429
1634128091.706,1.429,1.429
1634128092.005,1.421,1.429
1634128092.308,1.419,1.427
1634128092.607,1.429,1.425
1634128092.906,1.421,1.427
1634128093.209,1.423,1.427
1634128093.508,1.429,1.425
1634128093.807,1.433,1.425
1634128094.11,1.423,1.427
1634128094.409,1.433,1.427
1634128094.708,1.425,1.427
1634128095.007,1.425,1.427
1634128095.31,1.431,1.427
1634128095.609,1.431,1.429
1634128095.908,1.427,1.429
1634128096.211,1.427,1.429
1634128096.51,1.427,1.429
1634128096.809,1.429,1.429
1634128097.112,1.423,1.429
1634128097.411,1.423,1.429
1634128097.71,1.427,1.427
1634128098.013,1.425,1.427
1634128098.312,1.425,1.427
1634128098.611,1.433,1.427
1634128098.91,1.425,1.427
1634128099.213,1.427,1.427
1634128099.512,1.419,1.427
1634128099.812,1.421,1.427
1634128100.114,1.439,1.425
1634128100.413,1.433,1.427
1634128100.713,1.441,1.429
1634128101.016,1.423,1.429
1634128101.315,1.427,1.429
1634128101.614,1.427,1.429
1634128101.917,1.435,1.429
1634128102.216,1.425,1.431
1634128102.515,1.435,1.429
1634128102.814,1.419,1.431
1634128103.117,1.435,1.431
1634128103.416,1.427,1.431
1634128103.715,1.423,1.431
1634128104.018,1.435,1.429
1634128104.317,1.429,1.429
1634128104.616,1.427,1.429
1634128104.919,1.435,1.429
1634128105.218,1.433,1.429
1634128105.517,1.437,1.431
1634128105.82,1.427,1.431
1634128106.119,1.423,1.431
1634128106.418,1.427,1.431
1634128106.717,1.425,1.431
1634128107.02,1.423,1.431
1634128107.319,1.417,1.429
1634128107.618,1.431,1.429
1634128107.921,1.431,1.429
1634128108.22,1.423,1.429
1634128108.519,1.423,1.427
1634128108.822,1.429,1.425
1634128109.121,1.419,1.427
1634128109.42,1.425,1.425
1634128109.719,1.417,1.425
1634128110.022,1.427,1.425
1634128110.321,1.423,1.425
1634128110.62,1.429,1.425
1634128110.923,1.427,1.425
1634128111.222,1.435,1.425
1634128111.521,1.429,1.427
1634128111.824,1.427,1.427
1634128112.123,1.425,1.427
1634128112.422,1.429,1.427
1634128112.725,1.421,1.427
1634128113.024,1.427,1.429
1634128113.324,1.427,1.429
1634128113.623,1.423,1.429
1634128113.926,1.427,1.427
1634128114.225,1.419,1.427
1634128114.524,1.425,1.427
1634128114.827,1.417,1.425
1634128115.126,1.427,1.425
1634128115.425,1.429,1.425
1634128115.728,1.427,1.425
1634128116.027,1.429,1.425
1634128116.326,1.419,1.425
1634128116.629,1.415,1.425
1634128116.928,1.423,1.425
1634128117.227,1.425,1.423
1634128117.526,1.419,1.425
1634128117.829,1.431,1.423
1634128118.128,1.427,1.425
1634128118.427,1.425,1.425
1634128118.73,1.425,1.425
1634128119.029,1.427,1.425
1634128119.328,1.423,1.425
1634128119.631,1.431,1.425
1634128119.93,1.425,1.427
1634128120.229,1.429,1.427
1634128120.532,1.431,1.427
1634128120.831,1.425,1.429
1634128121.13,1.425,1.427
1634128121.429,1.419,1.427
1634128121.732,1.423,1.427
1634128122.031,1.417,1.427
1634128122.33,1.425,1.425
1634128122.633,1.421,1.425
1634128122.932,1.423,1.425
1634128123.231,1.429,1.425
1634128123.534,1.421,1.425
1634128123.833,1.417,1.423
1634128124.132,1.413,1.423
1634128124.431,1.419,1.421
1634128124.734,1.425,1.421
1634128125.033,1.417,1.421
1634128125.333,1.431,1.421
1634128125.635,1.423,1.423
1634128125.935,1.417,1.423
1634128126.234,1.421,1.423
1634128126.536,1.417,1.421
1634128126.836,1.431,1.421
1634128127.135,1.421,1.423
1634128127.438,1.419,1.423
1634128127.737,1.435,1.423
1634128128.036,1.427,1.425
1634128128.335,1.429,1.425
1634128128.638,1.417,1.425
1634128128.937,1.427,1.425
1634128129.236,1.431,1.425
1634128129.539,1.429,1.427
1634128129.838,1.431,1.427
1634128130.137,1.427,1.427
1634128130.44,1.429,1.429
1634128130.739,1.431,1.429
1634128131.038,1.425,1.429
1634128131.341,1.433,1.429
1634128131.64,1.421,1.429
1634128131.939,1.433,1.429
1634128132.238,1.433,1.429
1634128132.541,1.427,1.431
1634128132.84,1.423,1.429
1634128133.139,1.425,1.429
1634128133.442,1.415,1.429
1634128133.741,1.425,1.427
1634128134.04,1.427,1.427
1634128134.343,1.427,1.427
1634128134.642,1.427,1.427
1634128134.941,1.425,1.427
1634128135.24,1.423,1.427
1634128135.543,1.427,1.425
1634128135.842,1.415,1.425
1634128136.141,1.421,1.425
1634128136.444,1.431,1.425
1634128136.743,1.431,1.425
1634128137.042,1.421,1.427
1634128137.345,1.421,1.425
1634128137.644,1.423,1.425
1634128137.943,1.429,1.425
1634128138.246,1.431,1.425
1634128138.545,1.419,1.425
1634128138.845,1.427,1.425
1634128139.144,1.425,1.427
1634128139.447,1.429,1.427
1634128139.746,1.421,1.427
1634128140.045,1.425,1.425
1634128140.348,1.427,1.425
1634128140.647,1.417,1.427
1634128140.946,1.429,1.425
1634128141.249,1.427,1.425
1634128141.548,1.419,1.425
1634128141.847,1.431,1.425
1634128142.15,1.429,1.425
1634128142.449,1.421,1.427
1634128142.748,1.419,1.425
1634128143.047,1.425,1.425
1634128143.35,1.423,1.425
1634128143.649,1.419,1.425
1634128143.948,1.425,1.425
1634128144.251,1.423,1.425
1634128144.55,1.429,1.425
1634128144.849,1.425,1.425
1634128145.152,1.427,1.425
1634128145.451,1.421,1.425
1634128145.75,1.429,1.425
1634128146.053,1.419,1.425
1634128146.352,1.419,1.425
1634128146.651,1.431,1.425
1634128146.95,1.419,1.425
1634128147.253,1.417,1.425
1634128147.552,1.437,1.425
1634128147.851,1.427,1.425
1634128148.154,1.427,1.425
1634128148.453,1.411,1.425
1634128148.752,1.423,1.425
1634128149.055,1.415,1.423
1634128149.354,1.431,1.423
1634128149.653,1.425,1.425
1634128149.952,1.429,1.425
1634128150.255,1.419,1.425
1634128150.554,1.427,1.425
1634128150.853,1.429,1.425
1634128151.156,1.411,1.425
1634128151.456,1.423,1.423
1634128151.755,1.429,1.425
1634128152.057,1.419,1.425
1634128152.357,1.429,1.425
1634128152.656,1.419,1.425
1634128152.959,1.423,1.425
1634128153.258,1.419,1.423
1634128153.557,1.421,1.423
1634128153.856,1.421,1.423
1634128154.159,1.425,1.423
1634128154.458,1.421,1.423
1634128154.757,1.425,1.423
1634128155.06,1.423,1.423
1634128155.359,1.425,1.423
1634128155.658,1.425,1.423
1634128155.961,1.435,1.423
1634128156.26,1.423,1.425
1634128156.559,1.427,1.425
1634128156.862,1.421,1.425
1634128157.161,1.423,1.425
1634128157.46,1.421,1.425
1634128157.759,1.421,1.425
1634128158.062,1.417,1.425
1634128158.361,1.419,1.425
1634128158.66,1.429,1.425
1634128158.963,1.427,1.425
1634128159.262,1.425,1.423
1634128159.561,1.425,1.423
1634128159.864,1.417,1.423
1634128160.163,1.429,1.423
1634128160.462,1.423,1.423
1634128160.765,1.419,1.425
1634128161.064,1.429,1.423
1634128161.363,1.421,1.425
1634128161.662,1.419,1.425
1634128161.965,1.429,1.425
1634128162.264,1.419,1.425
1634128162.563,1.419,1.423
1634128162.866,1.423,1.423
1634128163.165,1.423,1.423
1634128163.464,1.427,1.423
1634128163.767,1.427,1.423
1634128164.066,1.417,1.425
1634128164.366,1.417,1.423
1634128164.665,1.425,1.423
1634128164.968,1.421,1.423
1634128165.267,1.419,1.423
1634128165.566,1.425,1.423
1634128165.869,1.415,1.423
1634128166.168,1.425,1.423
1634128166.467,1.433,1.423
1634128166.77,1.419,1.423
1634128167.069,1.425,1.423
1634128167.368,1.423,1.423
1634128167.671,1.425,1.423
1634128167.97,1.433,1.423
1634128168.269,1.419,1.425
1634128168.568,1.423,1.425
1634128168.871,1.421,1.425
1634128169.17,1.419,1.425
1634128169.469,1.427,1.425
1634128169.772,1.427,1.425
1634128170.071,1.429,1.425
1634128170.37,1.429,1.425
1634128170.673,1.417,1.427
1634128170.972,1.421,1.425
1634128171.271,1.425,1.425
1634128171.574,1.421,1.425
1634128171.873,1.427,1.425
1634128172.172,1.421,1.425
1634128172.471,1.419,1.425
1634128172.774,1.421,1.425
1634128173.073,1.427,1.423
1634128173.372,1.423,1.423
1634128173.675,1.421,1.423
1634128173.974,1.427,1.423
1634128174.273,1.423,1.425
1634128174.576,1.423,1.423
1634128174.875,1.433,1.425
1634128175.174,1.419,1.425
1634128175.473,1.423,1.425
1634128175.776,1.433,1.425
1634128176.075,1.423,1.427
1634128176.375,1.433,1.425
1634128176.677,1.423,1.427
1634128176.977,1.425,1.427
1634128177.276,1.431,1.427
1634128177.578,1.427,1.427
1634128177.878,1.425,1.427
1634128178.177,1.421,1.427
1634128178.48,1.435,1.427
1634128178.779,1.431,1.429
1634128179.078,1.427,1.429
1634128179.377,1.417,1.429
1634128179.68,1.433,1.427
1634128179.979,1.425,1.429
1634128180.278,1.425,1.429
1634128180.581,1.431,1.427
1634128180.88,1.421,1.427
1634128181.179,1.423,1.427
1634128181.482,1.427,1.427
1634128181.781,1.421,1.427
1634128182.08,1.419,1.425
1634128182.383,1.429,1.425
1634128182.682,1.425,1.427
1634128182.981,1.421,1.425
1634128183.28,1.425,1.425
1634128183.583,1.423,1.425
1634128183.882,1.427,1.425
1634128184.181,1.425,1.425
1634128184.484,1.425,1.425
1634128184.783,1.425,1.425
1634128185.082,1.435,1.425
1634128185.385,1.427,1.427
1634128185.684,1.425,1.427
1634128185.983,1.421,1.427
1634128186.286,1.413,1.427
1634128186.585,1.429,1.425
1634128186.884,1.419,1.427
1634128187.183,1.415,1.425
1634128187.486,1.419,1.425
1634128187.785,1.423,1.423
1634128188.084,1.425,1.423
1634128188.387,1.433,1.423
1634128188.686,1.429,1.423
1634128188.985,1.427,1.423
1634128189.288,1.423,1.425
1634128189.587,1.431,1.425
1634128189.887,1.427,1.425
1634128190.186,1.429,1.427
1634128190.489,1.431,1.427
1634128190.788,1.425,1.429
1634128191.087,1.429,1.429
1634128191.39,1.421,1.429
1634128191.689,1.423,1.429
1634128191.988,1.427,1.427
1634128192.291,1.417,1.427
1634128192.59,1.427,1.427
1634128192.889,1.415,1.427
1634128193.192,1.425,1.425
1634128193.491,1.417,1.425
1634128193.79,1.425,1.423
1634128194.089,1.429,1.423
1634128194.392,1.419,1.423
1634128194.691,1.431,1.423
1634128194.99,1.423,1.425
1634128195.293,1.429,1.423
1634128195.592,1.415,1.425
1634128195.891,1.427,1.423
1634128196.194,1.431,1.425
1634128196.493,1.421,1.425
1634128196.792,1.425,1.425
1634128197.095,1.425,1.425
1634128197.394,1.415,1.425
1634128197.693,1.419,1.425
1634128197.992,1.417,1.423
1634128198.295,1.417,1.423
1634128198.594,1.419,1.423
1634128198.893,1.417,1.423
1634128199.196,1.419,1.421
1634128199.495,1.431,1.421
1634128199.794,1.417,1.421
1634128200.097,1.423,1.421
1634128200.396,1.419,1.421
1634128200.695,1.419,1.421
1634128200.994,1.417,1.421
1634128201.297,1.419,1.421
1634128201.596,1.423,1.421
1634128201.896,1.421,1.421
1634128202.198,1.419,1.421
1634128202.498,1.421,1.421
1634128202.797,1.419,1.421
1634128203.1,1.421,1.421
1634128203.399,1.427,1.421
1634128203.698,1.419,1.421
1634128204.001,1.425,1.421
1634128204.3,1.427,1.423
1634128204.599,1.413,1.423
1634128204.898,1.427,1.423
1634128205.201,1.423,1.423
1634128205.5,1.417,1.423
1634128205.799,1.421,1.423
1634128206.102,1.423,1.423
1634128206.401,1.421,1.423
1634128206.7,1.421,1.423
1634128207.003,1.431,1.423
1634128207.302,1.429,1.423
1634128207.601,1.429,1.423
1634128207.904,1.425,1.425
1634128208.203,1.427,1.425
1634128208.502,1.425,1.425
1634128208.801,1.421,1.427
1634128209.104,1.431,1.427
1634128209.403,1.427,1.427
1634128209.702,1.423,1.427
1634128210.005,1.431,1.427
1634128210.304,1.425,1.427
1634128210.603,1.437,1.427
1634128210.906,1.423,1.429
1634128211.205,1.425,1.427
1634128211.504,1.431,1.427
1634128211.803,1.425,1.429
1634128212.106,1.421,1.429
1634128212.405,1.423,1.427
1634128212.704,1.427,1.427
1634128213.007,1.431,1.427
1634128213.306,1.425,1.427
1634128213.606,1.431,1.427
1634128213.908,1.427,1.427
1634128214.207,1.427,1.427
1634128214.507,1.433,1.427
1634128214.809,1.421,1.427
1634128215.109,1.429,1.427
1634128215.408,1.431,1.429
1634128215.707,1.429,1.429
1634128216.01,1.429,1.429
1634128216.309,1.441,1.429
1634128216.608,1.431,1.431
1634128216.911,1.435,1.431
1634128217.21,1.427,1.431
1634128217.509,1.431,1.431
1634128217.812,1.435,1.431
1634128218.111,1.429,1.433
1634128218.41,1.427,1.433
1634128218.713,1.427,1.433
1634128219.012,1.429,1.433
1634128219.311,1.427,1.433
1634128219.61,1.419,1.431
1634128219.913,1.425,1.429
1634128220.212,1.429,1.429
1634128220.511,1.423,1.429
1634128220.814,1.429,1.427
1634128221.113,1.421,1.427
1634128221.412,1.431,1.427
1634128221.715,1.429,1.427
1634128222.014,1.427,1.427
1634128222.313,1.433,1.427
1634128222.616,1.427,1.427
1634128222.915,1.427,1.429
1634128223.214,1.429,1.429
1634128223.513,1.427,1.429
1634128223.816,1.437,1.429
1634128224.115,1.425,1.429
1634128224.414,1.429,1.431
1634128224.717,1.433,1.429
1634128225.016,1.423,1.431
1634128225.315,1.431,1.429
1634128225.618,1.429,1.429
1634128225.917,1.431,1.429
1634128226.216,1.415,1.431
1634128226.516,1.421,1.429
1634128226.818,1.427,1.429
1634128227.118,1.427,1.427
1634128227.417,1.413,1.427
1634128227.719,1.425,1.425
1634128228.019,1.415,1.425
1634128228.318,1.429,1.425
1634128228.621,1.433,1.425
1634128228.92,1.419,1.425
1634128229.219,1.429,1.423
1634128229.522,1.431,1.425
1634128229.821,1.427,1.425
1634128230.12,1.425,1.425
1634128230.419,1.425,1.425
1634128230.722,1.419,1.427
1634128231.021,1.423,1.427
1634128231.32,1.419,1.427
1634128231.623,1.425,1.425
1634128231.922,1.425,1.425
1634128232.221,1.423,1.425
1634128232.524,1.425,1.425
1634128232.823,1.421,1.425
1634128233.122,1.427,1.423
1634128233.425,1.433,1.425
1634128233.724,1.423,1.425
1634128234.023,1.427,1.425
1634128234.322,1.425,1.425
1634128234.625,1.429,1.427
1634128234.924,1.427,1.427
1634128235.223,1.425,1.427
1634128235.526,1.419,1.427
1634128235.825,1.427,1.427
1634128236.124,1.421,1.427
1634128236.427,1.415,1.427
1634128236.726,1.415,1.425
1634128237.025,1.431,1.423
1634128237.324,1.421,1.425
1634128237.627,1.427,1.423
1634128237.926,1.423,1.423
1634128238.225,1.423,1.423
1634128238.528,1.433,1.423
1634128238.827,1.413,1.425
1634128239.127,1.423,1.423
1634128239.429,1.427,1.423
1634128239.728,1.423,1.425
1634128240.027,1.429,1.425
1634128240.33,1.441,1.425
1634128240.63,1.429,1.427
1634128240.929,1.425,1.427
1634128241.228,1.417,1.427
1634128241.531,1.421,1.427
1634128241.83,1.429,1.425
1634128242.129,1.423,1.427
1634128242.432,1.431,1.427
1634128242.731,1.427,1.427
1634128243.03,1.425,1.429
1634128243.333,1.423,1.427
1634128243.632,1.425,1.425
1634128243.931,1.421,1.425
1634128244.234,1.429,1.425
1634128244.533,1.421,1.427
1634128244.832,1.423,1.427
1634128245.131,1.425,1.425
1634128245.434,1.425,1.425
1634128245.733,1.423,1.425
1634128246.032,1.421,1.425
1634128246.335,1.427,1.425
1634128246.634,1.425,1.425
1634128246.933,1.425,1.425
1634128247.236,1.427,1.425
1634128247.535,1.423,1.425
1634128247.834,1.427,1.425
1634128248.137,1.421,1.425
1634128248.436,1.421,1.425
1634128248.735,1.435,1.425
1634128249.034,1.429,1.427
1634128249.337,1.431,1.427
1634128249.636,1.431,1.427
1634128249.935,1.423,1.427
1634128250.238,1.433,1.427
1634128250.537,1.421,1.429
1634128250.836,1.423,1.429
1634128251.139,1.423,1.427
1634128251.438,1.427,1.427
1634128251.737,1.423,1.429
1634128252.036,1.425,1.427
1634128252.339,1.425,1.427
1634128252.638,1.425,1.427
1634128252.938,1.425,1.425
1634128253.24,1.421,1.425
1634128253.54,1.431,1.425
1634128253.839,1.421,1.425
1634128254.141,1.429,1.425
1634128254.441,1.417,1.427
1634128254.74,1.431,1.425
1634128255.043,1.425,1.425
1634128255.342,1.425,1.425
1634128255.641,1.425,1.425
1634128255.94,1.421,1.425
1634128256.243,1.425,1.425
1634128256.542,1.423,1.425
1634128256.841,1.425,1.425
1634128257.144,1.431,1.425
1634128257.443,1.425,1.425
1634128257.742,1.425,1.427
1634128258.045,1.429,1.425
1634128258.344,1.425,1.427
1634128258.643,1.423,1.427
1634128258.946,1.425,1.427
1634128259.245,1.425,1.427
1634128259.544,1.423,1.427
1634128259.843,1.429,1.427
1634128260.146,1.425,1.427
1634128260.445,1.417,1.427
1634128260.744,1.425,1.425
1634128261.047,1.421,1.425
1634128261.346,1.423,1.425
1634128261.645,1.421,1.425
1634128261.948,1.423,1.425
1634128262.247,1.419,1.425
1634128262.546,1.419,1.423
1634128262.845,1.419,1.423
1634128263.148,1.423,1.423
1634128263.447,1.423,1.421
1634128263.746,1.437,1.423
1634128264.049,1.421,1.423
1634128264.348,1.425,1.423
1634128264.647,1.429,1.423
1634128264.95,1.427,1.425
1634128265.249,1.429,1.425
1634128265.548,1.425,1.427
1634128265.851,1.427,1.427
1634128266.151,1.425,1.427
1634128266.45,1.425,1.427
1634128266.749,1.433,1.427
1634128267.052,1.429,1.427
1634128267.351,1.429,1.429
1634128267.65,1.427,1.429
1634128267.953,1.425,1.429
1634128268.252,1.427,1.429
1634128268.551,1.427,1.429
1634128268.854,1.419,1.429
1634128269.153,1.433,1.427
1634128269.452,1.431,1.429
1634128269.755,1.429,1.429
1634128270.054,1.423,1.429
1634128270.353,1.427,1.427
1634128270.652,1.425,1.427
1634128270.955,1.423,1.427
1634128271.254,1.433,1.427
1634128271.553,1.423,1.427
1634128271.856,1.431,1.427
1634128272.155,1.429,1.429
1634128272.454,1.427,1.429
1634128272.757,1.427,1.427
1634128273.056,1.429,1.427
1634128273.355,1.431,1.429
1634128273.658,1.425,1.429
1634128273.957,1.437,1.429
1634128274.256,1.429,1.431
1634128274.555,1.419,1.429
1634128274.858,1.437,1.429
1634128275.157,1.427,1.429
1634128275.456,1.429,1.429
1634128275.759,1.429,1.429
1634128276.058,1.427,1.431
1634128276.357,1.427,1.429
1634128276.66,1.433,1.429
1634128276.959,1.429,1.431
1634128277.258,1.437,1.429
1634128277.557,1.431,1.431
1634128277.86,1.423,1.431
1634128278.159,1.429,1.431
1634128278.459,1.439,1.431
1634128278.761,1.427,1.431
1634128279.061,1.419,1.431
1634128279.36,1.425,1.431
1634128279.663,1.423,1.431
1634128279.962,1.419,1.429
1634128280.261,1.435,1.429
1634128280.564,1.435,1.427
1634128280.863,1.425,1.429
1634128281.162,1.433,1.429
1634128281.461,1.423,1.429
1634128281.764,1.435,1.427
1634128282.063,1.423,1.429
1634128282.362,1.419,1.429
1634128282.665,1.435,1.427
1634128282.964,1.417,1.429
1634128283.263,1.429,1.429
1634128283.566,1.433,1.429
1634128283.865,1.425,1.429
1634128284.164,1.425,1.429
1634128284.467,1.433,1.427
1634128284.766,1.431,1.429
1634128285.065,1.427,1.427
1634128285.364,1.433,1.429
1634128285.667,1.429,1.429
1634128285.966,1.427,1.429
1634128286.265,1.427,1.431
1634128286.568,1.433,1.429
1634128286.867,1.429,1.429
1634128287.166,1.441,1.431
1634128287.469,1.431,1.431
1634128287.768,1.431,1.431
1634128288.067,1.431,1.431
1634128288.366,1.417,1.433
1634128288.669,1.429,1.431
1634128288.968,1.427,1.431
1634128289.267,1.429,1.431
1634128289.57,1.423,1.431
1634128289.869,1.429,1.429
1634128290.169,1.433,1.429
1634128290.471,1.423,1.429
1634128290.77,1.433,1.429
1634128291.07,1.427,1.429
1634128291.372,1.433,1.427
1634128291.672,1.429,1.429
1634128291.971,1.421,1.429
1634128292.27,1.431,1.429
1634128292.573,1.435,1.429
1634128292.872,1.431,1.431
1634128293.171,1.427,1.431
1634128293.474,1.435,1.429
1634128293.773,1.425,1.431
1634128294.072,1.437,1.431
1634128294.375,1.433,1.431
1634128294.674,1.425,1.431
1634128294.973,1.429,1.431
1634128295.276,1.431,1.431
1634128295.575,1.429,1.431
1634128295.874,1.423,1.431
1634128296.173,1.425,1.431
1634128296.476,1.431,1.431
1634128296.775,1.425,1.429
1634128297.074,1.435,1.429
1634128297.377,1.429,1.429
1634128297.676,1.429,1.429
1634128297.975,1.435,1.429
1634128298.278,1.427,1.431
1634128298.577,1.427,1.429
1634128298.876,1.429,1.429
1634128299.179,1.433,1.431
1634128299.478,1.429,1.431
1634128299.777,1.421,1.431
1634128300.076,1.435,1.431
1634128300.379,1.427,1.431
1634128300.678,1.431,1.431
1634128300.977,1.429,1.431
1634128301.28,1.419,1.429
1634128301.579,1.431,1.429
1634128301.878,1.431,1.429
1634128302.181,1.427,1.429
1634128302.48,1.421,1.429
1634128302.779,1.423,1.429
1634128303.079,1.431,1.429
1634128303.381,1.435,1.427
1634128303.681,1.425,1.429
1634128303.98,1.427,1.429
1634128304.282,1.433,1.427
1634128304.582,1.427,1.429
1634128304.881,1.435,1.429
1634128305.184,1.433,1.429
1634128305.483,1.425,1.429
1634128305.782,1.421,1.431
1634128306.085,1.419,1.431
1634128306.384,1.429,1.429
1634128306.683,1.425,1.429
