1634127199.179,382.0,381.0
1634127199.203,382.0,381.0
1634127199.351,378.0,0.0
1634127199.654,374.0,378.0
1634127199.953,379.0,377.0
1634127200.256,376.0,377.0
1634127200.555,377.0,377.0
1634127200.854,375.0,377.0
1634127201.157,379.0,376.0
1634127201.456,376.0,376.0
1634127201.755,372.0,376.0
1634127202.054,382.0,376.0
1634127202.357,377.0,376.0
1634127202.656,376.0,376.0
1634127202.955,375.0,376.0
1634127203.258,378.0,376.0
1634127203.557,376.0,376.0
1634127203.856,371.0,376.0
1634127204.159,374.0,376.0
1634127204.458,378.0,375.0
1634127204.757,375.0,375.0
1634127205.06,375.0,376.0
1634127205.359,377.0,375.0
1634127205.658,375.0,375.0
1634127205.957,375.0,375.0
1634127206.26,380.0,375.0
1634127206.559,378.0,375.0
1634127206.859,378.0,375.0
1634127207.161,374.0,376.0
1634127207.46,377.0,376.0
1634127207.76,374.0,376.0
1634127208.062,372.0,376.0
1634127208.362,375.0,376.0
1634127208.661,376.0,375.0
1634127208.964,380.0,375.0
1634127209.263,372.0,376.0
1634127209.562,373.0,375.0
1634127209.861,373.0,375.0
1634127210.164,376.0,374.0
1634127210.463,382.0,374.0
1634127210.762,378.0,375.0
1634127211.065,375.0,375.0
1634127211.364,367.0,376.0
1634127211.663,370.0,375.0
1634127211.966,374.0,374.0
1634127212.265,378.0,374.0
1634127212.564,378.0,374.0
1634127212.867,380.0,375.0
1634127213.166,372.0,375.0
1634127213.465,380.0,375.0
1634127213.764,373.0,375.0
1634127214.067,377.0,374.0
1634127214.366,377.0,374.0
1634127214.665,372.0,375.0
1634127214.968,374.0,376.0
1634127215.267,378.0,376.0
1634127215.566,379.0,376.0
1634127215.869,374.0,376.0
1634127216.168,378.0,375.0
1634127216.467,376.0,376.0
1634127216.77,374.0,375.0
1634127217.069,377.0,375.0
1634127217.368,377.0,375.0
1634127217.667,382.0,375.0
1634127217.97,379.0,376.0
1634127218.269,376.0,377.0
1634127218.568,369.0,377.0
1634127218.871,379.0,376.0
1634127219.17,380.0,376.0
1634127219.47,379.0,376.0
1634127219.781,377.0,377.0
1634127220.071,379.0,377.0
1634127220.371,380.0,377.0
1634127220.673,379.0,378.0
1634127220.998,378.0,377.0
1634127221.272,381.0,377.0
1634127221.571,383.0,378.0
1634127221.882,376.0,379.0
1634127222.173,372.0,379.0
1634127222.472,379.0,378.0
1634127222.775,375.0,378.0
1634127223.099,379.0,378.0
1634127223.373,383.0,378.0
1634127223.676,379.0,378.0
1634127223.983,381.0,378.0
1634127224.274,383.0,378.0
1634127224.577,377.0,379.0
1634127224.876,377.0,378.0
1634127225.203,379.0,378.0
1634127225.474,386.0,379.0
1634127225.777,384.0,379.0
1634127226.088,374.0,380.0
1634127226.375,378.0,380.0
1634127226.678,384.0,379.0
1634127226.977,383.0,380.0
1634127227.305,383.0,380.0
1634127227.579,378.0,380.0
1634127227.878,385.0,380.0
1634127228.189,379.0,381.0
1634127228.48,376.0,381.0
1634127228.779,382.0,380.0
1634127229.078,382.0,380.0
1634127229.407,382.0,381.0
1634127229.68,378.0,381.0
1634127229.979,380.0,380.0
1634127230.291,382.0,380.0
1634127230.581,377.0,380.0
1634127230.88,384.0,380.0
1634127231.18,386.0,380.0
1634127231.507,386.0,380.0
1634127231.781,383.0,381.0
1634127232.08,382.0,382.0
1634127232.392,379.0,382.0
1634127232.682,381.0,381.0
1634127232.982,384.0,382.0
1634127233.281,383.0,382.0
1634127233.612,384.0,382.0
1634127233.886,384.0,383.0
1634127234.182,382.0,383.0
1634127234.497,384.0,382.0
1634127234.784,381.0,382.0
1634127235.083,380.0,382.0
1634127235.386,375.0,382.0
1634127235.713,380.0,381.0
1634127235.984,381.0,381.0
1634127236.287,379.0,381.0
1634127236.599,382.0,381.0
1634127236.885,386.0,380.0
1634127237.184,384.0,381.0
1634127237.487,379.0,381.0
1634127237.815,383.0,380.0
1634127238.085,383.0,380.0
1634127238.388,380.0,381.0
1634127238.699,386.0,381.0
1634127238.986,378.0,382.0
1634127239.289,374.0,382.0
1634127239.588,377.0,381.0
1634127239.887,373.0,381.0
1634127240.19,375.0,379.0
1634127240.489,373.0,378.0
1634127240.788,376.0,378.0
1634127241.087,377.0,377.0
1634127241.39,373.0,376.0
1634127241.689,373.0,376.0
1634127241.988,375.0,374.0
1634127242.291,376.0,374.0
1634127242.59,379.0,374.0
1634127242.889,378.0,375.0
1634127243.192,379.0,375.0
1634127243.491,375.0,375.0
1634127243.79,374.0,376.0
1634127244.093,375.0,375.0
1634127244.392,371.0,375.0
1634127244.691,378.0,375.0
1634127244.991,376.0,376.0
1634127245.293,374.0,376.0
1634127245.593,376.0,375.0
1634127245.892,374.0,375.0
1634127246.194,372.0,375.0
1634127246.494,382.0,374.0
1634127246.793,378.0,375.0
1634127247.096,379.0,375.0
1634127247.395,374.0,376.0
1634127247.694,375.0,376.0
1634127247.997,377.0,376.0
1634127248.296,372.0,376.0
1634127248.595,371.0,375.0
1634127248.894,383.0,375.0
1634127249.197,376.0,376.0
1634127249.496,371.0,376.0
1634127249.795,371.0,375.0
1634127250.098,374.0,374.0
1634127250.397,376.0,374.0
1634127250.696,375.0,374.0
1634127250.999,370.0,374.0
1634127251.298,379.0,373.0
1634127251.597,375.0,374.0
1634127251.9,373.0,375.0
1634127252.199,369.0,374.0
1634127252.498,375.0,373.0
1634127252.797,372.0,373.0
1634127253.1,378.0,373.0
1634127253.399,378.0,374.0
1634127253.698,382.0,374.0
1634127254.001,373.0,375.0
1634127254.3,377.0,375.0
1634127254.599,374.0,375.0
1634127254.902,374.0,375.0
1634127255.201,377.0,375.0
1634127255.5,376.0,376.0
1634127255.803,377.0,376.0
1634127256.102,374.0,376.0
1634127256.401,374.0,376.0
1634127256.701,374.0,375.0
1634127257.003,378.0,375.0
1634127257.302,375.0,375.0
1634127257.602,379.0,375.0
1634127257.904,378.0,375.0
1634127258.204,374.0,376.0
1634127258.503,376.0,375.0
1634127258.806,376.0,375.0
1634127259.105,381.0,375.0
1634127259.404,375.0,376.0
1634127259.707,377.0,376.0
1634127260.006,379.0,376.0
1634127260.305,381.0,377.0
1634127260.604,383.0,377.0
1634127260.907,373.0,378.0
1634127261.206,373.0,377.0
1634127261.505,377.0,377.0
1634127261.808,381.0,377.0
1634127262.107,379.0,378.0
1634127262.406,383.0,377.0
1634127262.709,376.0,378.0
1634127263.008,379.0,378.0
1634127263.307,378.0,378.0
1634127263.61,379.0,378.0
1634127263.909,386.0,377.0
1634127264.208,383.0,379.0
1634127264.507,380.0,380.0
1634127264.81,378.0,380.0
1634127265.109,372.0,380.0
1634127265.408,374.0,379.0
1634127265.711,377.0,378.0
1634127266.01,380.0,378.0
1634127266.309,379.0,378.0
1634127266.612,376.0,378.0
1634127266.911,378.0,378.0
1634127267.21,376.0,377.0
1634127267.513,380.0,377.0
1634127267.812,384.0,377.0
1634127268.111,379.0,377.0
1634127268.41,377.0,378.0
1634127268.713,378.0,378.0
1634127269.012,375.0,378.0
1634127269.336,381.0,378.0
1634127269.614,381.0,378.0
1634127269.913,377.0,378.0
1634127270.221,383.0,378.0
1634127270.515,386.0,379.0
1634127270.815,377.0,380.0
1634127271.114,385.0,379.0
1634127271.437,384.0,380.0
1634127271.716,389.0,380.0
1634127272.015,386.0,381.0
1634127272.322,378.0,382.0
1634127272.916,379.0,382.0
1634127273.215,382.0,382.0
1634127273.538,379.0,382.0
1634127273.817,382.0,381.0
1634127274.116,381.0,382.0
1634127274.423,383.0,382.0
1634127274.755,385.0,381.0
1634127275.017,387.0,381.0
1634127275.316,385.0,381.0
1634127275.639,383.0,382.0
1634127275.918,384.0,382.0
1634127276.217,378.0,383.0
1634127276.524,375.0,382.0
1634127276.856,381.0,382.0
1634127277.118,382.0,382.0
1634127277.421,387.0,382.0
1634127277.72,379.0,382.0
1634127278.019,386.0,382.0
1634127278.322,382.0,382.0
1634127278.621,383.0,381.0
1634127278.92,388.0,381.0
1634127279.219,379.0,382.0
1634127279.522,377.0,382.0
1634127279.821,384.0,382.0
1634127280.12,380.0,382.0
1634127280.436,380.0,382.0
1634127280.722,387.0,381.0
1634127281.021,387.0,382.0
1634127281.324,389.0,382.0
1634127281.652,389.0,383.0
1634127281.922,384.0,384.0
1634127282.225,381.0,383.0
1634127282.537,383.0,383.0
1634127282.823,384.0,384.0
1634127283.123,381.0,384.0
1634127283.426,388.0,384.0
1634127283.753,390.0,385.0
1634127284.024,385.0,385.0
1634127284.327,381.0,385.0
1634127284.638,383.0,384.0
1634127284.925,382.0,384.0
1634127285.228,376.0,383.0
1634127285.527,385.0,383.0
1634127285.858,381.0,383.0
1634127286.129,387.0,383.0
1634127286.428,383.0,383.0
1634127286.743,386.0,383.0
1634127287.026,382.0,382.0
1634127287.329,382.0,382.0
1634127317.654,194.0,0.0
1634127317.957,13.0,194.0
1634127318.256,13.0,176.0
1634127318.555,13.0,158.0
1634127318.858,13.0,140.0
1634127319.157,13.0,121.0
1634127319.456,14.0,103.0
1634127319.756,12.0,85.0
1634127320.058,14.0,67.0
1634127320.357,14.0,49.0
1634127320.657,14.0,31.0
1634127320.959,14.0,13.0
1634127321.259,13.0,13.0
1634127321.558,14.0,13.0
1634127321.857,14.0,13.0
1634127322.16,13.0,13.0
1634127322.459,14.0,13.0
1634127322.758,15.0,13.0
1634127323.061,14.0,13.0
1634127323.36,13.0,13.0
1634127323.659,14.0,13.0
1634127323.962,14.0,13.0
1634127324.261,13.0,13.0
1634127324.56,13.0,13.0
1634127324.863,14.0,13.0
1634127325.162,14.0,13.0
1634127325.461,13.0,13.0
1634127325.764,14.0,13.0
1634127326.063,13.0,13.0
1634127326.362,13.0,13.0
1634127326.665,12.0,13.0
1634127326.964,13.0,13.0
1634127327.263,13.0,13.0
1634127327.562,15.0,13.0
1634127327.865,14.0,13.0
1634127328.164,14.0,13.0
1634127328.463,14.0,13.0
1634127328.766,13.0,13.0
1634127329.065,13.0,13.0
1634127329.364,14.0,13.0
1634127329.667,14.0,13.0
1634127329.966,14.0,13.0
1634127330.265,13.0,13.0
1634127330.568,15.0,13.0
1634127330.867,16.0,13.0
1634127331.166,15.0,14.0
1634127331.469,15.0,14.0
1634127331.768,14.0,14.0
1634127332.067,14.0,14.0
1634127332.367,13.0,14.0
1634127332.669,14.0,14.0
1634127332.969,13.0,14.0
1634127333.268,14.0,14.0
1634127333.571,14.0,14.0
1634127333.87,13.0,14.0
1634127334.169,13.0,13.0
1634127334.472,13.0,13.0
1634127334.771,12.0,13.0
1634127335.07,12.0,13.0
1634127335.373,13.0,13.0
1634127335.672,14.0,13.0
1634127335.971,15.0,13.0
1634127336.274,14.0,13.0
1634127336.573,13.0,13.0
1634127336.872,14.0,13.0
1634127337.171,14.0,13.0
1634127337.474,14.0,13.0
1634127337.773,13.0,13.0
1634127338.076,194.0,13.0
1634127338.408,200.0,31.0
1634127338.674,199.0,50.0
1634127338.977,199.0,69.0
1634127339.288,199.0,87.0
1634127339.575,204.0,105.0
1634127339.878,199.0,125.0
1634127340.177,195.0,143.0
1634127340.509,197.0,161.0
1634127340.779,197.0,179.0
1634127341.078,197.0,198.0
1634127341.394,197.0,198.0
1634127341.68,199.0,198.0
1634127341.979,199.0,198.0
1634127342.278,194.0,198.0
1634127342.61,196.0,197.0
1634127342.88,197.0,197.0
1634127343.179,195.0,196.0
1634127343.495,196.0,196.0
1634127343.781,201.0,196.0
1634127344.081,204.0,197.0
1634127344.38,198.0,197.0
1634127344.711,198.0,197.0
1634127344.982,198.0,197.0
1634127345.281,196.0,197.0
1634127345.596,193.0,197.0
1634127345.883,199.0,197.0
1634127346.182,197.0,197.0
1634127346.485,194.0,198.0
1634127346.816,199.0,197.0
1634127347.083,198.0,197.0
1634127347.382,199.0,197.0
1634127347.701,196.0,197.0
1634127347.984,199.0,196.0
1634127348.283,199.0,197.0
1634127348.586,196.0,197.0
1634127348.918,198.0,197.0
1634127349.184,196.0,197.0
1634127349.487,195.0,197.0
1634127349.802,198.0,197.0
1634127350.085,199.0,197.0
1634127350.388,196.0,197.0
1634127350.687,198.0,197.0
1634127351.019,196.0,197.0
1634127351.285,200.0,197.0
1634127351.588,194.0,197.0
1634127351.904,197.0,197.0
1634127352.186,200.0,196.0
1634127352.489,200.0,197.0
1634127352.788,194.0,197.0
1634127353.12,196.0,197.0
1634127353.39,198.0,197.0
1634127353.689,195.0,197.0
1634127354.005,196.0,197.0
1634127354.291,198.0,197.0
1634127354.59,198.0,196.0
1634127354.893,197.0,197.0
1634127355.225,196.0,197.0
1634127355.491,196.0,196.0
1634127355.79,194.0,196.0
1634127356.11,195.0,196.0
1634127356.392,197.0,196.0
1634127356.692,201.0,196.0
1634127356.995,196.0,196.0
1634127357.29,14.0,196.0
1634127357.593,13.0,178.0
1634127357.892,14.0,159.0
1634127358.191,13.0,141.0
1634127358.494,13.0,123.0
1634127358.793,12.0,105.0
1634127359.092,12.0,86.0
1634127359.391,13.0,68.0
1634127359.694,13.0,50.0
1634127359.993,14.0,31.0
1634127360.292,14.0,13.0
1634127360.595,12.0,13.0
1634127360.894,14.0,13.0
1634127361.193,14.0,13.0
1634127361.492,14.0,13.0
1634127361.795,13.0,13.0
1634127362.094,14.0,13.0
1634127362.393,14.0,13.0
1634127362.696,14.0,13.0
1634127362.995,14.0,13.0
1634127363.294,13.0,13.0
1634127363.597,14.0,13.0
1634127363.896,15.0,13.0
1634127364.195,14.0,13.0
1634127364.498,12.0,13.0
1634127364.797,15.0,13.0
1634127365.096,14.0,13.0
1634127365.399,14.0,13.0
1634127365.698,14.0,13.0
1634127365.997,14.0,13.0
1634127366.3,14.0,13.0
1634127366.599,14.0,14.0
1634127366.898,14.0,14.0
1634127367.197,14.0,13.0
1634127367.5,13.0,13.0
1634127367.799,12.0,14.0
1634127368.099,12.0,13.0
1634127368.401,12.0,13.0
1634127368.7,13.0,13.0
1634127369.0,13.0,13.0
1634127369.303,15.0,13.0
1634127369.602,13.0,13.0
1634127369.901,14.0,13.0
1634127370.204,14.0,13.0
1634127370.503,14.0,13.0
1634127370.802,14.0,13.0
1634127371.105,13.0,13.0
1634127371.404,13.0,13.0
1634127371.703,14.0,13.0
1634127372.002,14.0,13.0
1634127372.305,13.0,13.0
1634127372.604,13.0,13.0
1634127372.903,14.0,13.0
1634127373.206,14.0,13.0
1634127373.505,15.0,13.0
1634127373.804,14.0,13.0
1634127374.107,14.0,13.0
1634127374.406,15.0,13.0
1634127374.705,14.0,14.0
1634127375.008,13.0,14.0
1634127375.307,13.0,13.0
1634127375.606,14.0,13.0
1634127375.909,14.0,14.0
1634127376.208,15.0,14.0
1634127376.507,13.0,14.0
1634127376.806,14.0,13.0
1634127377.109,14.0,13.0
1634127377.408,14.0,13.0
1634127377.707,16.0,13.0
1634127378.01,16.0,14.0
1634127378.309,16.0,14.0
1634127378.608,16.0,14.0
1634127378.911,16.0,14.0
1634127379.21,415.0,15.0
1634127379.509,424.0,55.0
1634127379.812,423.0,96.0
1634127380.112,417.0,137.0
1634127380.414,422.0,177.0
1634127380.713,418.0,218.0
1634127381.013,424.0,258.0
1634127381.315,411.0,299.0
1634127381.615,419.0,338.0
1634127381.914,422.0,378.0
1634127382.217,423.0,419.0
1634127382.516,413.0,420.0
1634127382.815,424.0,419.0
1634127383.114,418.0,419.0
1634127383.417,419.0,419.0
1634127383.716,417.0,419.0
1634127384.015,421.0,419.0
1634127384.318,422.0,418.0
1634127384.617,418.0,419.0
1634127384.916,422.0,419.0
1634127385.219,423.0,419.0
1634127385.518,424.0,419.0
1634127385.817,421.0,420.0
1634127386.116,424.0,420.0
1634127386.419,420.0,421.0
1634127386.718,422.0,421.0
1634127387.017,420.0,421.0
1634127387.32,421.0,421.0
1634127387.619,422.0,421.0
1634127387.938,423.0,421.0
1634127388.221,422.0,422.0
1634127388.52,415.0,421.0
1634127388.825,423.0,421.0
1634127389.155,423.0,421.0
1634127389.421,421.0,421.0
1634127389.72,423.0,421.0
1634127390.04,423.0,421.0
1634127390.322,423.0,421.0
1634127390.621,423.0,421.0
1634127390.924,417.0,421.0
1634127391.256,422.0,421.0
1634127391.522,418.0,421.0
1634127391.821,421.0,421.0
1634127392.141,425.0,421.0
1634127392.423,420.0,421.0
1634127392.722,423.0,421.0
1634127393.025,425.0,421.0
1634127393.357,419.0,421.0
1634127393.624,419.0,421.0
1634127393.923,428.0,420.0
1634127394.242,426.0,422.0
1634127394.525,426.0,422.0
1634127394.824,425.0,423.0
1634127395.127,422.0,423.0
1634127395.458,429.0,423.0
1634127395.725,424.0,424.0
1634127396.028,426.0,424.0
1634127396.343,427.0,424.0
1634127396.626,423.0,425.0
1634127396.929,423.0,425.0
1634127397.228,426.0,425.0
1634127397.56,426.0,425.0
1634127397.826,419.0,425.0
1634127398.129,426.0,424.0
1634127398.444,424.0,424.0
1634127398.727,427.0,424.0
1634127399.03,424.0,424.0
1634127399.329,427.0,424.0
1634127399.661,425.0,424.0
1634127399.931,424.0,424.0
1634127400.23,422.0,424.0
1634127400.545,423.0,424.0
1634127400.832,423.0,424.0
1634127401.131,424.0,424.0
1634127401.434,424.0,424.0
1634127401.766,426.0,424.0
1634127402.032,422.0,424.0
1634127402.331,423.0,424.0
1634127402.651,425.0,423.0
1634127402.933,422.0,423.0
1634127403.232,426.0,423.0
1634127403.536,422.0,423.0
1634127403.867,422.0,423.0
1634127404.133,423.0,423.0
1634127404.432,426.0,423.0
1634127404.752,427.0,423.0
1634127405.034,426.0,423.0
1634127405.333,424.0,424.0
1634127405.637,426.0,424.0
1634127405.968,422.0,424.0
1634127406.234,423.0,424.0
1634127406.534,423.0,424.0
1634127406.853,422.0,424.0
1634127407.135,424.0,424.0
1634127407.435,420.0,424.0
1634127407.738,426.0,423.0
1634127408.07,421.0,423.0
1634127408.336,424.0,423.0
1634127408.639,427.0,423.0
1634127408.954,424.0,423.0
1634127409.237,422.0,423.0
1634127409.536,423.0,423.0
1634127409.839,423.0,423.0
1634127410.171,419.0,423.0
1634127410.437,421.0,422.0
1634127410.74,422.0,423.0
1634127411.055,422.0,422.0
1634127411.338,421.0,422.0
1634127411.641,421.0,422.0
1634127411.94,423.0,421.0
1634127412.272,422.0,421.0
1634127412.542,419.0,421.0
1634127412.841,424.0,421.0
1634127413.157,421.0,421.0
1634127413.439,423.0,421.0
1634127413.742,424.0,421.0
1634127414.041,424.0,422.0
1634127414.373,419.0,422.0
1634127414.643,423.0,422.0
1634127414.942,424.0,422.0
1634127415.262,421.0,422.0
1634127415.544,422.0,422.0
1634127415.844,419.0,422.0
1634127416.147,423.0,422.0
1634127416.478,425.0,422.0
1634127416.744,423.0,422.0
1634127417.043,425.0,422.0
1634127417.363,422.0,422.0
1634127417.645,421.0,422.0
1634127417.944,424.0,422.0
1634127418.244,420.0,422.0
1634127418.546,418.0,422.0
1634127418.845,424.0,422.0
1634127419.145,422.0,422.0
1634127419.447,423.0,422.0
1634127419.747,425.0,422.0
1634127420.046,424.0,422.0
1634127420.345,422.0,422.0
1634127420.648,421.0,422.0
1634127420.947,424.0,422.0
1634127421.246,420.0,422.0
1634127421.549,427.0,422.0
1634127421.848,425.0,423.0
1634127422.147,428.0,423.0
1634127422.45,426.0,423.0
1634127422.749,426.0,424.0
1634127423.048,431.0,424.0
1634127423.351,428.0,425.0
1634127423.65,426.0,425.0
1634127423.949,432.0,426.0
1634127424.248,431.0,426.0
1634127424.551,423.0,428.0
1634127424.85,419.0,427.0
1634127425.149,425.0,427.0
1634127425.452,432.0,426.0
1634127425.751,422.0,427.0
1634127426.05,426.0,426.0
1634127426.353,424.0,426.0
1634127426.652,431.0,426.0
1634127426.951,425.0,426.0
1634127427.254,425.0,425.0
1634127427.553,431.0,425.0
1634127427.852,424.0,426.0
1634127428.151,426.0,426.0
1634127428.454,428.0,426.0
1634127428.753,432.0,426.0
1634127429.052,432.0,427.0
1634127429.355,425.0,427.0
1634127429.654,423.0,427.0
1634127429.953,429.0,427.0
1634127430.256,426.0,427.0
1634127430.555,433.0,427.0
1634127430.854,427.0,427.0
1634127431.157,426.0,428.0
1634127431.456,428.0,428.0
1634127431.756,432.0,428.0
1634127432.055,430.0,428.0
1634127432.358,428.0,427.0
1634127432.657,423.0,428.0
1634127432.956,427.0,428.0
1634127433.259,428.0,428.0
1634127433.558,426.0,428.0
1634127433.857,426.0,427.0
1634127434.16,428.0,427.0
1634127434.459,430.0,427.0
1634127434.758,428.0,427.0
1634127435.061,424.0,427.0
1634127435.36,427.0,426.0
1634127435.659,427.0,426.0
1634127435.958,430.0,427.0
1634127436.261,422.0,427.0
1634127436.56,428.0,426.0
1634127436.859,428.0,427.0
1634127437.162,424.0,427.0
1634127437.461,426.0,426.0
1634127437.76,429.0,426.0
1634127438.063,433.0,426.0
1634127438.362,430.0,427.0
1634127438.661,429.0,427.0
1634127438.964,434.0,427.0
1634127439.263,430.0,428.0
1634127439.562,438.0,429.0
1634127439.861,427.0,430.0
1634127440.164,424.0,430.0
1634127440.463,430.0,430.0
1634127440.762,435.0,430.0
1634127441.065,431.0,431.0
1634127441.364,431.0,430.0
1634127441.663,430.0,430.0
1634127441.966,439.0,431.0
1634127442.265,435.0,431.0
1634127442.564,439.0,432.0
1634127442.867,437.0,432.0
1634127443.166,440.0,433.0
1634127443.465,438.0,434.0
1634127443.765,435.0,435.0
1634127444.067,432.0,435.0
1634127444.367,436.0,435.0
1634127444.666,432.0,436.0
1634127444.968,437.0,436.0
1634127445.268,431.0,436.0
1634127445.567,433.0,435.0
1634127445.87,432.0,435.0
1634127446.169,434.0,434.0
1634127446.468,434.0,434.0
1634127446.771,432.0,433.0
1634127447.07,443.0,433.0
1634127447.369,431.0,434.0
1634127447.668,438.0,433.0
1634127447.971,437.0,434.0
1634127448.27,435.0,434.0
1634127448.569,438.0,434.0
1634127448.872,437.0,435.0
1634127449.171,435.0,435.0
1634127449.47,435.0,436.0
1634127449.773,436.0,436.0
1634127450.072,434.0,436.0
1634127450.371,435.0,435.0
1634127450.674,439.0,436.0
1634127450.973,430.0,436.0
1634127451.272,436.0,435.0
1634127451.571,437.0,435.0
1634127451.874,437.0,435.0
1634127452.173,434.0,435.0
1634127452.472,439.0,435.0
1634127452.775,437.0,435.0
1634127453.074,438.0,435.0
1634127453.373,436.0,436.0
1634127453.676,436.0,436.0
1634127453.975,439.0,436.0
1634127454.274,436.0,436.0
1634127454.573,441.0,436.0
1634127454.876,437.0,437.0
1634127455.175,440.0,437.0
1634127455.474,434.0,437.0
1634127455.777,439.0,437.0
1634127456.076,437.0,437.0
1634127456.376,436.0,437.0
1634127456.678,437.0,437.0
1634127456.977,441.0,437.0
1634127457.277,436.0,437.0
1634127457.58,435.0,437.0
1634127457.879,433.0,437.0
1634127458.178,440.0,436.0
1634127458.477,437.0,436.0
1634127458.78,435.0,437.0
1634127459.079,435.0,436.0
1634127459.378,437.0,436.0
1634127459.681,435.0,436.0
1634127459.98,437.0,436.0
1634127460.279,435.0,436.0
1634127460.582,442.0,435.0
1634127460.881,436.0,436.0
1634127461.18,431.0,436.0
1634127461.483,439.0,436.0
1634127461.782,435.0,436.0
1634127462.081,435.0,436.0
1634127462.38,434.0,436.0
1634127462.683,440.0,435.0
1634127462.982,433.0,436.0
1634127463.281,436.0,436.0
1634127463.584,438.0,436.0
1634127463.883,436.0,435.0
1634127464.182,437.0,435.0
1634127464.485,438.0,436.0
1634127464.784,438.0,436.0
1634127465.083,439.0,436.0
1634127465.386,437.0,436.0
1634127465.685,436.0,437.0
1634127465.984,441.0,436.0
1634127466.283,436.0,437.0
1634127466.586,436.0,437.0
1634127466.885,438.0,437.0
1634127467.184,439.0,437.0
1634127467.487,439.0,437.0
1634127467.786,436.0,437.0
1634127468.085,438.0,437.0
1634127468.388,438.0,437.0
1634127468.687,433.0,437.0
1634127468.986,437.0,437.0
1634127469.289,433.0,437.0
1634127469.589,436.0,436.0
1634127469.888,437.0,436.0
1634127470.187,439.0,436.0
1634127470.49,431.0,436.0
1634127470.789,436.0,435.0
1634127471.088,437.0,435.0
1634127471.391,435.0,435.0
1634127471.69,434.0,435.0
1634127471.989,434.0,435.0
1634127472.292,438.0,435.0
1634127472.591,440.0,435.0
1634127472.89,438.0,436.0
1634127473.193,439.0,436.0
1634127473.492,430.0,436.0
1634127473.791,438.0,436.0
1634127474.09,434.0,436.0
1634127474.393,436.0,436.0
1634127474.692,434.0,436.0
1634127474.991,434.0,436.0
1634127475.294,430.0,436.0
1634127475.593,435.0,435.0
1634127475.892,434.0,434.0
1634127476.195,437.0,434.0
1634127476.494,441.0,434.0
1634127476.793,433.0,435.0
1634127477.096,434.0,434.0
1634127477.395,432.0,434.0
1634127477.694,438.0,434.0
1634127477.993,435.0,434.0
1634127478.296,436.0,434.0
1634127478.595,437.0,435.0
1634127478.894,437.0,435.0
1634127479.197,434.0,436.0
1634127479.496,434.0,435.0
1634127479.795,435.0,435.0
1634127480.098,433.0,435.0
1634127480.397,436.0,435.0
1634127480.696,437.0,435.0
1634127480.999,435.0,435.0
1634127481.298,434.0,435.0
1634127481.598,438.0,435.0
1634127481.897,433.0,435.0
1634127482.199,435.0,434.0
1634127482.499,434.0,435.0
1634127482.798,436.0,435.0
1634127483.101,433.0,435.0
1634127483.4,434.0,435.0
1634127483.699,430.0,434.0
1634127484.002,436.0,434.0
1634127484.301,438.0,434.0
1634127484.6,431.0,434.0
1634127484.903,431.0,434.0
1634127485.202,440.0,433.0
1634127485.501,435.0,434.0
1634127485.8,432.0,434.0
1634127486.103,435.0,434.0
1634127486.402,434.0,434.0
1634127486.701,433.0,434.0
1634127487.004,439.0,434.0
1634127487.303,436.0,434.0
1634127487.602,437.0,434.0
1634127487.905,431.0,435.0
1634127488.204,435.0,435.0
1634127488.503,435.0,434.0
1634127488.802,436.0,434.0
1634127489.105,434.0,435.0
1634127489.404,437.0,435.0
1634127489.703,436.0,435.0
1634127490.006,435.0,435.0
1634127490.305,433.0,435.0
1634127490.604,436.0,434.0
1634127490.907,434.0,434.0
1634127491.206,435.0,435.0
1634127491.505,434.0,435.0
1634127491.808,437.0,435.0
1634127492.107,437.0,435.0
1634127492.406,441.0,435.0
1634127492.705,439.0,435.0
1634127493.008,434.0,436.0
1634127493.307,436.0,436.0
1634127493.606,434.0,436.0
1634127493.909,437.0,436.0
1634127494.208,437.0,436.0
1634127494.508,437.0,436.0
1634127494.81,438.0,436.0
1634127495.11,434.0,437.0
1634127495.409,433.0,436.0
1634127495.712,437.0,435.0
1634127496.011,438.0,435.0
1634127496.31,434.0,436.0
1634127496.609,433.0,435.0
1634127496.912,434.0,435.0
1634127497.211,437.0,435.0
1634127497.51,434.0,435.0
1634127497.813,435.0,435.0
1634127498.112,438.0,434.0
1634127498.411,435.0,435.0
1634127498.714,434.0,435.0
1634127499.013,437.0,435.0
1634127499.312,437.0,435.0
1634127499.615,432.0,435.0
1634127499.914,437.0,435.0
1634127500.213,432.0,435.0
1634127500.512,436.0,435.0
1634127500.815,433.0,435.0
1634127501.114,435.0,435.0
1634127501.413,435.0,434.0
1634127501.716,437.0,434.0
1634127502.015,435.0,435.0
1634127502.314,433.0,434.0
1634127502.617,436.0,434.0
1634127502.916,434.0,434.0
1634127503.215,435.0,434.0
1634127503.518,437.0,434.0
1634127503.817,433.0,435.0
1634127504.116,437.0,435.0
1634127504.415,436.0,435.0
1634127504.718,436.0,435.0
1634127505.017,437.0,435.0
1634127505.316,438.0,435.0
1634127505.619,436.0,435.0
1634127505.918,436.0,435.0
1634127506.217,433.0,436.0
1634127506.52,439.0,435.0
1634127506.819,436.0,436.0
1634127507.119,433.0,436.0
1634127507.421,432.0,436.0
1634127507.721,437.0,435.0
1634127508.02,435.0,435.0
1634127508.319,437.0,435.0
1634127508.622,433.0,435.0
1634127508.921,433.0,435.0
1634127509.22,432.0,434.0
1634127509.523,437.0,434.0
1634127509.822,434.0,434.0
1634127510.121,433.0,434.0
1634127510.424,430.0,434.0
1634127510.723,434.0,434.0
1634127511.022,434.0,433.0
1634127511.325,434.0,433.0
1634127511.624,435.0,433.0
1634127511.923,433.0,433.0
1634127512.222,434.0,433.0
1634127512.525,437.0,433.0
1634127512.824,434.0,433.0
1634127513.123,433.0,433.0
1634127513.426,431.0,433.0
1634127513.725,435.0,433.0
1634127514.024,432.0,434.0
1634127514.327,438.0,433.0
1634127514.626,437.0,434.0
1634127514.925,436.0,434.0
1634127515.228,434.0,434.0
1634127515.527,435.0,434.0
1634127515.826,435.0,434.0
1634127516.125,437.0,434.0
1634127516.428,430.0,435.0
1634127516.727,436.0,434.0
1634127517.026,432.0,435.0
1634127517.329,429.0,435.0
1634127517.628,435.0,434.0
1634127517.927,436.0,433.0
1634127518.23,433.0,433.0
1634127518.529,436.0,433.0
1634127518.828,434.0,433.0
1634127519.128,434.0,433.0
1634127519.43,432.0,433.0
1634127519.73,435.0,433.0
1634127520.029,436.0,433.0
1634127520.331,433.0,434.0
1634127520.631,435.0,434.0
1634127520.93,436.0,434.0
1634127521.233,434.0,434.0
1634127521.532,432.0,434.0
1634127521.831,433.0,434.0
1634127522.134,432.0,434.0
1634127522.433,434.0,433.0
1634127522.732,433.0,434.0
1634127523.031,438.0,433.0
1634127523.334,430.0,434.0
1634127523.633,432.0,433.0
1634127523.932,432.0,433.0
1634127524.235,429.0,433.0
1634127524.534,430.0,432.0
1634127524.833,431.0,432.0
1634127525.136,435.0,432.0
1634127525.435,429.0,432.0
1634127525.734,429.0,431.0
1634127526.037,430.0,431.0
1634127526.336,434.0,430.0
1634127526.635,430.0,431.0
1634127526.934,433.0,430.0
1634127527.237,433.0,431.0
1634127527.536,431.0,431.0
1634127527.835,431.0,431.0
1634127528.138,437.0,431.0
1634127528.437,434.0,431.0
1634127528.736,434.0,432.0
1634127529.039,437.0,432.0
1634127529.338,433.0,433.0
1634127529.637,428.0,433.0
1634127529.94,435.0,433.0
1634127530.239,434.0,433.0
1634127530.538,433.0,433.0
1634127530.837,435.0,433.0
1634127531.14,430.0,434.0
1634127531.439,430.0,433.0
1634127531.739,434.0,432.0
1634127532.041,435.0,432.0
1634127532.34,435.0,432.0
1634127532.64,430.0,432.0
1634127532.942,437.0,433.0
1634127533.242,437.0,433.0
1634127533.541,433.0,433.0
1634127533.844,435.0,433.0
1634127534.143,437.0,433.0
1634127534.442,433.0,434.0
1634127534.741,436.0,434.0
1634127535.044,432.0,434.0
1634127535.343,433.0,434.0
1634127535.642,434.0,434.0
1634127535.945,432.0,434.0
1634127536.244,432.0,434.0
1634127536.543,431.0,433.0
1634127536.846,434.0,433.0
1634127537.145,434.0,433.0
1634127537.444,435.0,433.0
1634127537.747,434.0,433.0
1634127538.046,436.0,433.0
1634127538.345,435.0,433.0
1634127538.644,436.0,433.0
1634127538.947,435.0,433.0
1634127539.246,438.0,434.0
1634127539.545,435.0,434.0
1634127539.848,437.0,435.0
1634127540.147,435.0,435.0
1634127540.446,436.0,435.0
1634127540.749,434.0,435.0
1634127541.048,427.0,435.0
1634127541.347,439.0,434.0
1634127541.65,434.0,435.0
1634127541.949,436.0,435.0
1634127542.248,436.0,435.0
1634127542.547,431.0,434.0
1634127542.85,436.0,434.0
1634127543.149,433.0,434.0
1634127543.448,432.0,434.0
1634127543.751,432.0,433.0
1634127544.05,436.0,433.0
1634127544.35,435.0,434.0
1634127544.652,437.0,434.0
1634127544.951,431.0,434.0
1634127545.251,433.0,433.0
1634127545.553,430.0,433.0
1634127545.853,434.0,433.0
1634127546.152,435.0,433.0
1634127546.451,436.0,433.0
1634127546.754,436.0,433.0
1634127547.053,433.0,434.0
1634127547.352,434.0,434.0
1634127547.655,434.0,433.0
1634127547.954,436.0,433.0
1634127548.253,434.0,434.0
1634127548.556,433.0,434.0
1634127548.855,435.0,434.0
1634127549.154,431.0,434.0
1634127549.453,441.0,434.0
1634127549.756,433.0,434.0
1634127550.055,435.0,434.0
1634127550.354,435.0,434.0
1634127550.657,436.0,434.0
1634127550.956,434.0,434.0
1634127551.255,436.0,434.0
1634127551.558,437.0,434.0
1634127551.857,433.0,435.0
1634127552.156,436.0,435.0
1634127552.459,434.0,435.0
1634127552.758,435.0,434.0
1634127553.057,437.0,435.0
1634127553.356,432.0,435.0
1634127553.659,435.0,435.0
1634127553.958,432.0,434.0
1634127554.257,436.0,434.0
1634127554.56,432.0,434.0
1634127554.859,432.0,434.0
1634127555.158,432.0,434.0
1634127555.461,430.0,433.0
1634127555.76,435.0,433.0
1634127556.059,431.0,433.0
1634127556.362,436.0,432.0
1634127556.661,436.0,433.0
1634127556.96,435.0,433.0
1634127557.26,433.0,433.0
1634127557.562,434.0,433.0
1634127557.862,432.0,433.0
1634127558.161,436.0,433.0
1634127558.464,434.0,433.0
1634127558.763,436.0,434.0
1634127559.062,436.0,434.0
1634127559.365,435.0,434.0
1634127559.664,432.0,434.0
1634127559.963,440.0,434.0
1634127560.266,436.0,434.0
1634127560.565,435.0,435.0
1634127560.864,433.0,435.0
1634127561.163,433.0,435.0
1634127561.466,437.0,435.0
1634127561.765,431.0,435.0
1634127562.064,436.0,434.0
1634127562.367,435.0,434.0
1634127562.666,434.0,434.0
1634127562.965,435.0,435.0
1634127563.268,432.0,434.0
1634127563.567,440.0,434.0
1634127563.866,433.0,434.0
1634127564.169,436.0,434.0
1634127564.468,435.0,434.0
1634127564.767,434.0,434.0
1634127565.066,435.0,435.0
1634127565.369,433.0,434.0
1634127565.668,434.0,434.0
1634127565.967,435.0,434.0
1634127566.27,434.0,434.0
1634127566.569,437.0,434.0
1634127566.868,433.0,434.0
1634127567.171,435.0,434.0
1634127567.47,439.0,434.0
1634127567.769,433.0,434.0
1634127568.072,431.0,434.0
1634127568.371,436.0,434.0
1634127568.67,440.0,434.0
1634127568.969,436.0,435.0
1634127569.272,437.0,435.0
1634127569.572,437.0,435.0
1634127569.871,435.0,435.0
1634127570.173,435.0,435.0
1634127570.473,437.0,435.0
1634127570.772,435.0,435.0
1634127571.075,436.0,435.0
1634127571.374,434.0,436.0
1634127571.673,437.0,436.0
1634127571.976,434.0,435.0
1634127572.275,435.0,435.0
1634127572.574,436.0,435.0
1634127572.873,429.0,435.0
1634127573.176,433.0,434.0
1634127573.475,438.0,434.0
1634127573.774,440.0,434.0
1634127574.077,433.0,435.0
1634127574.376,435.0,434.0
1634127574.675,429.0,435.0
1634127574.978,435.0,434.0
1634127575.277,436.0,434.0
1634127575.576,431.0,434.0
1634127575.879,439.0,433.0
1634127576.178,437.0,434.0
1634127576.477,436.0,435.0
1634127576.776,436.0,435.0
1634127577.079,434.0,434.0
1634127577.378,437.0,434.0
1634127577.677,435.0,435.0
1634127577.98,435.0,435.0
1634127578.279,433.0,435.0
1634127578.578,435.0,435.0
1634127578.881,435.0,435.0
1634127579.18,433.0,435.0
1634127579.479,435.0,434.0
1634127579.778,437.0,434.0
1634127580.081,432.0,434.0
1634127580.38,435.0,434.0
1634127580.679,433.0,434.0
1634127580.982,437.0,434.0
1634127581.281,434.0,434.0
1634127581.58,431.0,434.0
1634127581.883,436.0,434.0
1634127582.182,435.0,434.0
1634127582.482,433.0,434.0
1634127582.784,438.0,434.0
1634127583.084,434.0,434.0
1634127583.383,436.0,434.0
1634127583.682,433.0,434.0
1634127583.985,435.0,434.0
1634127584.284,437.0,434.0
1634127584.583,430.0,434.0
1634127584.886,434.0,434.0
1634127585.185,434.0,434.0
1634127585.484,432.0,434.0
1634127585.787,435.0,434.0
1634127586.086,431.0,434.0
1634127586.385,441.0,433.0
1634127586.688,436.0,434.0
1634127586.987,440.0,434.0
1634127587.286,435.0,435.0
1634127587.585,434.0,434.0
1634127587.888,434.0,435.0
1634127588.187,435.0,435.0
1634127588.486,436.0,435.0
1634127588.789,435.0,435.0
1634127589.088,433.0,435.0
1634127589.387,434.0,435.0
1634127589.69,435.0,435.0
1634127589.989,436.0,435.0
1634127590.288,431.0,434.0
1634127590.591,433.0,434.0
1634127590.89,437.0,434.0
1634127591.189,434.0,434.0
1634127591.488,436.0,434.0
1634127591.791,432.0,434.0
1634127592.09,434.0,434.0
1634127592.389,434.0,434.0
1634127592.692,429.0,434.0
1634127592.991,434.0,433.0
1634127593.29,432.0,433.0
1634127593.593,430.0,433.0
1634127593.892,427.0,433.0
1634127594.191,431.0,432.0
1634127594.494,433.0,431.0
1634127594.793,430.0,431.0
1634127595.093,433.0,431.0
1634127595.392,432.0,431.0
1634127595.695,435.0,431.0
1634127595.994,428.0,431.0
1634127596.293,433.0,431.0
1634127596.595,431.0,431.0
1634127596.895,433.0,431.0
1634127597.194,431.0,431.0
1634127597.497,435.0,431.0
1634127597.796,433.0,432.0
1634127598.095,434.0,432.0
1634127598.398,431.0,432.0
1634127598.697,436.0,432.0
1634127598.996,435.0,432.0
1634127599.295,431.0,433.0
1634127599.598,431.0,433.0
1634127599.897,433.0,433.0
1634127600.196,435.0,433.0
1634127600.499,434.0,433.0
1634127600.798,433.0,433.0
1634127601.097,435.0,433.0
1634127601.4,433.0,433.0
1634127601.699,433.0,433.0
1634127601.998,432.0,433.0
1634127602.301,433.0,433.0
1634127602.6,431.0,433.0
1634127602.899,434.0,433.0
1634127603.198,432.0,433.0
1634127603.501,429.0,433.0
1634127603.8,433.0,432.0
1634127604.099,430.0,432.0
1634127604.402,434.0,432.0
1634127604.701,433.0,432.0
1634127605.0,431.0,432.0
1634127605.303,433.0,432.0
1634127605.602,430.0,432.0
1634127605.901,431.0,431.0
1634127606.204,435.0,431.0
1634127606.503,431.0,431.0
1634127606.802,434.0,432.0
1634127607.102,434.0,432.0
1634127607.404,428.0,432.0
1634127607.704,432.0,432.0
1634127608.003,435.0,431.0
1634127608.305,432.0,432.0
1634127608.605,433.0,432.0
1634127608.904,434.0,432.0
1634127609.207,433.0,432.0
1634127609.506,432.0,432.0
1634127609.805,437.0,432.0
1634127610.104,432.0,433.0
1634127610.407,432.0,432.0
1634127610.706,432.0,433.0
1634127611.005,436.0,433.0
1634127611.308,436.0,433.0
1634127611.607,433.0,433.0
1634127611.906,435.0,433.0
1634127612.209,430.0,433.0
1634127612.508,437.0,433.0
1634127612.807,432.0,434.0
1634127613.11,437.0,433.0
1634127613.409,433.0,434.0
1634127613.708,433.0,434.0
1634127614.007,434.0,434.0
1634127614.31,430.0,434.0
1634127614.609,435.0,433.0
1634127614.908,433.0,433.0
1634127615.211,433.0,433.0
1634127615.51,432.0,433.0
1634127615.809,435.0,433.0
1634127616.112,436.0,433.0
1634127616.411,434.0,433.0
1634127616.71,433.0,433.0
1634127617.013,434.0,433.0
1634127617.312,437.0,433.0
1634127617.611,434.0,434.0
1634127617.91,434.0,434.0
1634127618.213,434.0,434.0
1634127618.512,432.0,434.0
1634127618.811,432.0,434.0
1634127619.114,429.0,434.0
1634127619.413,431.0,433.0
1634127619.713,434.0,433.0
1634127620.015,430.0,433.0
1634127620.314,428.0,432.0
1634127620.614,440.0,431.0
1634127620.916,436.0,432.0
1634127621.216,438.0,432.0
1634127621.515,434.0,433.0
1634127621.814,436.0,433.0
1634127622.117,435.0,433.0
1634127622.416,438.0,434.0
1634127622.715,433.0,434.0
1634127623.018,435.0,434.0
1634127623.317,437.0,435.0
1634127623.616,437.0,436.0
1634127623.919,436.0,435.0
1634127624.218,438.0,435.0
1634127624.517,437.0,435.0
1634127624.82,437.0,436.0
1634127625.119,433.0,436.0
1634127625.418,432.0,436.0
1634127625.717,435.0,435.0
1634127626.02,432.0,435.0
1634127626.319,432.0,435.0
1634127626.618,439.0,434.0
1634127626.921,433.0,435.0
1634127627.22,435.0,434.0
1634127627.519,433.0,434.0
1634127627.822,433.0,434.0
1634127628.121,428.0,433.0
1634127628.42,438.0,433.0
1634127628.723,435.0,433.0
1634127629.022,437.0,433.0
1634127629.321,430.0,434.0
1634127629.62,429.0,434.0
1634127629.923,432.0,433.0
1634127630.222,436.0,433.0
1634127630.521,439.0,433.0
1634127630.824,437.0,433.0
1634127631.123,437.0,434.0
1634127631.422,433.0,435.0
1634127631.725,436.0,434.0
1634127632.024,434.0,434.0
1634127632.323,437.0,434.0
1634127632.626,432.0,435.0
1634127632.925,432.0,435.0
1634127633.225,434.0,435.0
1634127633.524,432.0,435.0
1634127633.826,434.0,434.0
1634127634.126,431.0,434.0
1634127634.425,431.0,433.0
1634127634.728,434.0,433.0
1634127635.027,435.0,433.0
1634127635.326,434.0,433.0
1634127635.629,434.0,432.0
1634127635.928,434.0,433.0
1634127636.227,433.0,433.0
1634127636.526,432.0,433.0
1634127636.829,435.0,433.0
1634127637.128,430.0,433.0
1634127637.427,433.0,433.0
1634127637.73,432.0,433.0
1634127638.029,434.0,433.0
1634127638.328,434.0,433.0
1634127638.631,434.0,433.0
1634127638.93,432.0,433.0
1634127639.229,426.0,432.0
1634127639.532,431.0,432.0
1634127639.831,433.0,432.0
1634127640.13,434.0,431.0
1634127640.429,436.0,432.0
1634127640.732,438.0,432.0
1634127641.031,436.0,433.0
1634127641.33,434.0,433.0
1634127641.633,431.0,433.0
1634127641.932,433.0,433.0
1634127642.231,432.0,433.0
1634127642.534,434.0,433.0
1634127642.833,432.0,434.0
1634127643.132,433.0,434.0
1634127643.435,435.0,433.0
1634127643.734,432.0,433.0
1634127644.033,436.0,433.0
1634127644.332,433.0,433.0
1634127644.635,436.0,433.0
1634127644.934,433.0,433.0
1634127645.234,436.0,433.0
1634127645.536,430.0,434.0
1634127645.835,433.0,433.0
1634127646.135,433.0,433.0
1634127646.437,436.0,433.0
1634127646.737,428.0,433.0
1634127647.036,432.0,433.0
1634127647.339,430.0,433.0
1634127647.638,433.0,432.0
1634127647.937,431.0,432.0
1634127648.236,432.0,432.0
1634127648.539,432.0,431.0
1634127648.838,432.0,432.0
1634127649.137,430.0,431.0
1634127649.44,433.0,431.0
1634127649.739,431.0,431.0
1634127650.038,431.0,431.0
1634127650.341,433.0,431.0
1634127650.64,432.0,431.0
1634127650.939,434.0,431.0
1634127651.242,435.0,432.0
1634127651.541,439.0,432.0
1634127651.84,436.0,433.0
1634127652.139,432.0,433.0
1634127652.442,436.0,433.0
1634127652.741,435.0,433.0
1634127653.04,434.0,434.0
1634127653.343,434.0,434.0
1634127653.642,433.0,434.0
1634127653.941,433.0,434.0
1634127654.244,426.0,434.0
1634127654.543,434.0,433.0
1634127654.842,427.0,433.0
1634127655.145,430.0,432.0
1634127655.444,432.0,432.0
1634127655.743,431.0,431.0
1634127656.042,430.0,431.0
1634127656.345,434.0,431.0
1634127656.644,429.0,431.0
1634127656.943,432.0,430.0
1634127657.246,433.0,430.0
1634127657.545,435.0,431.0
1634127657.845,434.0,431.0
1634127658.147,437.0,432.0
1634127658.446,428.0,432.0
1634127658.746,435.0,432.0
1634127659.045,434.0,432.0
1634127659.348,436.0,433.0
1634127659.647,432.0,433.0
1634127659.946,433.0,433.0
1634127660.249,435.0,433.0
1634127660.548,435.0,433.0
1634127660.847,438.0,433.0
1634127661.15,435.0,434.0
1634127661.449,438.0,434.0
1634127661.748,432.0,435.0
1634127662.051,441.0,434.0
1634127662.35,432.0,435.0
1634127662.649,433.0,435.0
1634127662.948,439.0,435.0
1634127663.251,437.0,435.0
1634127663.55,437.0,436.0
1634127663.849,439.0,436.0
1634127664.152,438.0,436.0
1634127664.451,437.0,436.0
1634127664.75,439.0,436.0
1634127665.053,438.0,437.0
1634127665.352,435.0,436.0
1634127665.651,435.0,437.0
1634127665.954,434.0,437.0
1634127666.253,434.0,436.0
1634127666.552,435.0,436.0
1634127666.851,438.0,436.0
1634127667.154,436.0,436.0
1634127667.453,438.0,436.0
1634127667.752,436.0,436.0
1634127668.055,434.0,435.0
1634127668.354,437.0,435.0
1634127668.653,431.0,435.0
1634127668.956,436.0,435.0
1634127669.255,437.0,435.0
1634127669.554,436.0,435.0
1634127669.857,437.0,435.0
1634127670.156,434.0,435.0
1634127670.456,435.0,435.0
1634127670.755,435.0,435.0
1634127671.058,435.0,435.0
1634127671.357,436.0,435.0
1634127671.656,432.0,435.0
1634127671.959,439.0,435.0
1634127672.258,438.0,435.0
1634127672.557,437.0,435.0
1634127672.86,434.0,435.0
1634127673.159,438.0,435.0
1634127673.458,436.0,435.0
1634127673.761,432.0,436.0
1634127674.06,437.0,435.0
1634127674.359,435.0,435.0
1634127674.658,436.0,435.0
1634127674.961,434.0,436.0
1634127675.26,434.0,435.0
1634127675.559,439.0,435.0
1634127675.862,435.0,435.0
1634127676.161,434.0,435.0
1634127676.46,433.0,435.0
1634127676.763,432.0,434.0
1634127677.062,433.0,434.0
1634127677.361,436.0,434.0
1634127677.664,435.0,434.0
1634127677.963,437.0,434.0
1634127678.262,433.0,434.0
1634127678.561,435.0,434.0
1634127678.864,433.0,434.0
1634127679.163,433.0,434.0
1634127679.462,435.0,434.0
1634127679.765,434.0,434.0
1634127680.064,436.0,434.0
1634127680.363,433.0,434.0
1634127680.666,434.0,434.0
1634127680.965,438.0,434.0
1634127681.264,437.0,434.0
1634127681.567,434.0,434.0
1634127681.866,435.0,434.0
1634127682.165,432.0,434.0
1634127682.465,438.0,434.0
1634127682.767,435.0,435.0
1634127683.067,434.0,435.0
1634127683.366,436.0,435.0
1634127683.668,437.0,435.0
1634127683.968,436.0,435.0
1634127684.267,435.0,435.0
1634127684.57,436.0,435.0
1634127684.869,438.0,435.0
1634127685.168,440.0,435.0
1634127685.467,440.0,436.0
1634127685.77,437.0,436.0
1634127686.069,438.0,436.0
1634127686.368,438.0,437.0
1634127686.671,437.0,437.0
1634127686.97,435.0,437.0
1634127687.269,436.0,437.0
1634127687.572,441.0,437.0
1634127687.871,439.0,438.0
1634127688.17,439.0,438.0
1634127688.473,440.0,438.0
1634127688.772,438.0,438.0
1634127689.071,433.0,438.0
1634127689.37,437.0,437.0
1634127689.673,431.0,437.0
1634127689.972,433.0,436.0
1634127690.271,440.0,436.0
1634127690.574,434.0,437.0
1634127690.873,436.0,436.0
1634127691.172,439.0,436.0
1634127691.475,439.0,436.0
1634127691.774,431.0,436.0
1634127692.073,437.0,435.0
1634127692.376,434.0,435.0
1634127692.675,442.0,435.0
1634127692.974,437.0,436.0
1634127693.273,436.0,436.0
1634127693.576,439.0,436.0
1634127693.875,437.0,437.0
1634127694.174,438.0,437.0
1634127694.477,437.0,437.0
1634127694.776,435.0,436.0
1634127695.075,439.0,437.0
1634127695.378,434.0,437.0
1634127695.677,432.0,437.0
1634127695.976,434.0,436.0
1634127696.279,435.0,436.0
1634127696.578,435.0,436.0
1634127696.878,430.0,435.0
1634127697.177,435.0,434.0
1634127697.48,435.0,434.0
1634127697.779,435.0,434.0
1634127698.078,434.0,434.0
1634127698.381,435.0,433.0
1634127698.68,435.0,434.0
1634127698.979,434.0,434.0
1634127699.282,433.0,434.0
1634127699.581,437.0,434.0
1634127699.88,428.0,434.0
1634127700.183,436.0,434.0
1634127700.482,434.0,434.0
1634127700.781,435.0,434.0
1634127701.08,438.0,434.0
1634127701.383,437.0,434.0
1634127701.682,440.0,434.0
1634127701.981,437.0,435.0
1634127702.284,440.0,435.0
1634127702.583,436.0,436.0
1634127702.882,435.0,436.0
1634127703.185,432.0,436.0
1634127703.484,435.0,436.0
1634127703.783,437.0,436.0
1634127704.086,435.0,436.0
1634127704.385,433.0,436.0
1634127704.684,435.0,436.0
1634127704.983,435.0,435.0
1634127705.286,435.0,435.0
1634127705.585,438.0,434.0
1634127705.884,432.0,435.0
1634127706.187,435.0,434.0
1634127706.486,439.0,435.0
1634127706.785,434.0,435.0
1634127707.088,433.0,435.0
1634127707.387,437.0,434.0
1634127707.686,433.0,435.0
1634127707.989,436.0,435.0
1634127708.289,436.0,435.0
1634127708.587,436.0,435.0
1634127708.887,434.0,435.0
1634127709.189,435.0,435.0
1634127709.489,437.0,435.0
1634127709.788,434.0,435.0
1634127710.091,435.0,435.0
1634127710.39,436.0,435.0
1634127710.689,434.0,435.0
1634127710.992,436.0,435.0
1634127711.291,437.0,435.0
1634127711.59,433.0,435.0
1634127711.889,436.0,435.0
1634127712.192,433.0,435.0
1634127712.491,439.0,435.0
1634127712.79,436.0,435.0
1634127713.093,438.0,435.0
1634127713.392,436.0,435.0
1634127713.691,440.0,435.0
1634127713.994,437.0,436.0
1634127714.293,436.0,436.0
1634127714.592,437.0,436.0
1634127714.895,436.0,436.0
1634127715.194,437.0,436.0
1634127715.493,435.0,437.0
1634127715.792,435.0,436.0
1634127716.095,436.0,436.0
1634127716.394,438.0,436.0
1634127716.693,436.0,436.0
1634127716.996,439.0,436.0
1634127717.295,435.0,436.0
1634127717.594,440.0,436.0
1634127717.897,432.0,436.0
1634127718.196,434.0,436.0
1634127718.495,434.0,436.0
1634127718.798,438.0,435.0
1634127719.097,436.0,436.0
1634127719.396,436.0,436.0
1634127719.695,436.0,436.0
1634127719.998,442.0,436.0
1634127720.297,437.0,436.0
1634127720.597,440.0,436.0
1634127720.899,433.0,436.0
1634127721.198,441.0,436.0
1634127721.498,440.0,437.0
1634127721.8,438.0,437.0
1634127722.1,436.0,437.0
1634127722.399,441.0,437.0
1634127722.702,435.0,438.0
1634127723.001,437.0,438.0
1634127723.3,437.0,437.0
1634127723.599,434.0,437.0
1634127723.902,432.0,437.0
1634127724.201,438.0,437.0
1634127724.5,434.0,436.0
1634127724.803,438.0,436.0
1634127725.102,438.0,436.0
1634127725.401,435.0,436.0
1634127725.704,432.0,435.0
1634127726.003,437.0,435.0
1634127726.302,436.0,435.0
1634127726.605,439.0,435.0
1634127726.904,437.0,435.0
1634127727.203,439.0,436.0
1634127727.502,439.0,436.0
1634127727.805,437.0,437.0
1634127728.104,440.0,436.0
1634127728.403,438.0,437.0
1634127728.706,436.0,437.0
1634127729.005,432.0,437.0
1634127729.304,437.0,437.0
1634127729.607,437.0,437.0
1634127729.906,431.0,437.0
1634127730.205,436.0,436.0
1634127730.508,435.0,436.0
1634127730.807,439.0,435.0
1634127731.106,439.0,436.0
1634127731.405,437.0,436.0
1634127731.708,433.0,435.0
1634127732.007,439.0,435.0
1634127732.306,441.0,436.0
1634127732.609,436.0,436.0
1634127732.908,437.0,436.0
1634127733.207,436.0,437.0
1634127733.51,437.0,437.0
1634127733.81,438.0,437.0
1634127734.109,439.0,437.0
1634127734.408,436.0,437.0
1634127734.711,441.0,437.0
1634127735.01,434.0,438.0
1634127735.309,437.0,437.0
1634127735.612,438.0,437.0
1634127735.911,438.0,437.0
1634127736.21,434.0,437.0
1634127736.513,438.0,437.0
1634127736.812,433.0,437.0
1634127737.111,435.0,436.0
1634127737.414,435.0,436.0
1634127737.713,442.0,436.0
1634127738.012,436.0,436.0
1634127738.311,438.0,436.0
1634127738.614,437.0,436.0
1634127738.913,432.0,436.0
1634127739.212,440.0,436.0
1634127739.515,435.0,436.0
1634127739.814,436.0,436.0
1634127740.113,440.0,436.0
1634127740.416,442.0,437.0
1634127740.715,433.0,437.0
1634127741.014,436.0,436.0
1634127741.317,435.0,436.0
1634127741.616,438.0,436.0
1634127741.915,435.0,436.0
1634127742.214,439.0,437.0
1634127742.517,441.0,436.0
1634127742.816,437.0,437.0
1634127743.115,437.0,437.0
1634127743.418,439.0,437.0
1634127743.717,437.0,437.0
1634127744.016,436.0,437.0
1634127744.319,439.0,437.0
1634127744.618,438.0,437.0
1634127744.917,437.0,437.0
1634127745.22,438.0,438.0
1634127745.519,435.0,437.0
1634127745.818,436.0,437.0
1634127746.118,434.0,437.0
1634127746.42,441.0,436.0
1634127746.72,437.0,437.0
1634127747.019,445.0,437.0
1634127747.321,434.0,438.0
1634127747.621,440.0,437.0
1634127747.92,434.0,437.0
1634127748.223,438.0,437.0
1634127748.522,437.0,437.0
1634127748.821,439.0,437.0
1634127749.124,438.0,437.0
1634127749.423,438.0,438.0
1634127749.722,429.0,438.0
1634127750.021,438.0,437.0
1634127750.324,442.0,436.0
1634127750.623,444.0,437.0
1634127750.922,439.0,437.0
1634127751.225,439.0,438.0
1634127751.524,438.0,438.0
1634127751.823,435.0,438.0
1634127752.126,431.0,438.0
1634127752.425,435.0,437.0
1634127752.724,439.0,437.0
1634127753.027,441.0,438.0
1634127753.326,438.0,438.0
1634127753.625,435.0,437.0
1634127753.924,437.0,437.0
1634127754.227,435.0,436.0
1634127754.526,441.0,436.0
1634127754.825,436.0,436.0
1634127755.128,437.0,436.0
1634127755.427,439.0,437.0
1634127755.726,439.0,437.0
1634127756.029,434.0,437.0
1634127756.328,437.0,437.0
1634127756.627,436.0,437.0
1634127756.926,440.0,437.0
1634127757.229,440.0,437.0
1634127757.528,442.0,437.0
1634127757.827,438.0,438.0
1634127758.13,437.0,438.0
1634127758.429,434.0,438.0
1634127758.729,434.0,437.0
1634127759.031,439.0,437.0
1634127759.33,441.0,437.0
1634127759.63,440.0,438.0
1634127759.932,438.0,438.0
1634127760.232,437.0,438.0
1634127760.531,438.0,438.0
1634127760.83,439.0,437.0
1634127761.133,435.0,437.0
1634127761.432,438.0,437.0
1634127761.731,433.0,437.0
1634127762.034,433.0,437.0
1634127762.333,434.0,437.0
1634127762.632,433.0,436.0
1634127762.935,439.0,435.0
1634127763.234,436.0,435.0
1634127763.533,434.0,435.0
1634127763.836,434.0,435.0
1634127764.135,437.0,434.0
1634127764.434,435.0,435.0
1634127764.733,432.0,434.0
1634127765.036,433.0,434.0
1634127765.335,439.0,434.0
1634127765.634,435.0,435.0
1634127765.937,439.0,435.0
1634127766.236,433.0,435.0
1634127766.535,437.0,435.0
1634127766.838,434.0,435.0
1634127767.137,434.0,435.0
1634127767.436,436.0,435.0
1634127767.739,440.0,435.0
1634127768.038,434.0,436.0
1634127768.337,439.0,436.0
1634127768.636,437.0,436.0
1634127768.939,436.0,436.0
1634127769.238,437.0,436.0
1634127769.537,437.0,436.0
1634127769.84,439.0,436.0
1634127770.139,441.0,436.0
1634127770.439,436.0,437.0
1634127770.741,439.0,437.0
1634127771.04,435.0,437.0
1634127771.34,437.0,437.0
1634127771.642,436.0,437.0
1634127771.941,437.0,437.0
1634127772.241,442.0,437.0
1634127772.54,440.0,437.0
1634127772.842,436.0,438.0
1634127773.142,440.0,437.0
1634127773.441,436.0,437.0
1634127773.744,437.0,437.0
1634127774.043,440.0,437.0
1634127774.342,439.0,438.0
1634127774.645,437.0,438.0
1634127774.944,438.0,438.0
1634127775.243,437.0,438.0
1634127775.546,437.0,438.0
1634127775.845,436.0,437.0
1634127776.144,437.0,437.0
1634127776.443,437.0,437.0
1634127776.746,436.0,437.0
1634127777.045,437.0,437.0
1634127777.344,435.0,437.0
1634127777.647,436.0,436.0
1634127777.946,434.0,436.0
1634127778.245,437.0,436.0
1634127778.548,434.0,436.0
1634127778.847,438.0,435.0
1634127779.146,438.0,436.0
1634127779.445,437.0,436.0
1634127779.748,437.0,436.0
1634127780.047,439.0,436.0
1634127780.346,435.0,436.0
1634127780.649,433.0,436.0
1634127780.948,439.0,436.0
1634127781.247,438.0,436.0
1634127781.55,431.0,436.0
1634127781.849,437.0,436.0
1634127782.148,436.0,436.0
1634127782.451,438.0,436.0
1634127782.75,439.0,436.0
1634127783.049,435.0,436.0
1634127783.348,437.0,436.0
1634127783.651,440.0,436.0
1634127783.95,434.0,437.0
1634127784.25,437.0,436.0
1634127784.552,439.0,436.0
1634127784.852,437.0,437.0
1634127785.151,434.0,437.0
1634127785.453,439.0,437.0
1634127785.753,438.0,437.0
1634127786.052,436.0,437.0
1634127786.355,435.0,437.0
1634127786.654,438.0,436.0
1634127786.953,437.0,436.0
1634127787.252,433.0,437.0
1634127787.555,436.0,436.0
1634127787.854,439.0,436.0
1634127788.153,441.0,436.0
1634127788.456,436.0,437.0
1634127788.755,436.0,436.0
1634127789.054,435.0,436.0
1634127789.357,437.0,436.0
1634127789.656,437.0,436.0
1634127789.955,434.0,436.0
1634127790.258,434.0,436.0
1634127790.557,437.0,436.0
1634127790.856,435.0,436.0
1634127791.155,435.0,436.0
1634127791.458,435.0,435.0
1634127791.757,439.0,435.0
1634127792.056,438.0,435.0
1634127792.359,437.0,436.0
1634127792.658,433.0,436.0
1634127792.957,441.0,435.0
1634127793.26,432.0,436.0
1634127793.559,434.0,436.0
1634127793.858,436.0,435.0
1634127794.161,439.0,436.0
1634127794.46,439.0,436.0
1634127794.759,436.0,436.0
1634127795.058,437.0,436.0
1634127795.361,436.0,436.0
1634127795.66,437.0,436.0
1634127795.959,436.0,436.0
1634127796.262,433.0,436.0
1634127796.561,433.0,436.0
1634127796.861,438.0,436.0
1634127797.163,438.0,436.0
1634127797.462,434.0,436.0
1634127797.762,437.0,435.0
1634127798.064,430.0,435.0
1634127798.364,438.0,435.0
1634127798.663,439.0,435.0
1634127798.962,440.0,435.0
1634127799.265,439.0,436.0
1634127799.564,440.0,436.0
1634127799.863,434.0,437.0
1634127800.166,438.0,436.0
1634127800.465,438.0,436.0
1634127800.764,436.0,437.0
1634127801.067,431.0,437.0
1634127801.366,442.0,437.0
1634127801.665,436.0,437.0
1634127801.964,436.0,437.0
1634127802.267,438.0,437.0
1634127802.566,432.0,436.0
1634127802.865,434.0,436.0
1634127803.168,439.0,436.0
1634127803.467,437.0,436.0
1634127803.766,437.0,436.0
1634127804.069,434.0,436.0
1634127804.368,437.0,436.0
1634127804.667,436.0,436.0
1634127804.97,433.0,436.0
1634127805.269,435.0,435.0
1634127805.568,436.0,435.0
1634127805.867,435.0,435.0
1634127806.17,434.0,435.0
1634127806.469,436.0,435.0
1634127806.768,436.0,435.0
1634127807.071,437.0,435.0
1634127807.37,429.0,435.0
1634127807.669,437.0,434.0
1634127807.972,437.0,434.0
1634127808.271,435.0,435.0
1634127808.57,431.0,435.0
1634127808.873,433.0,434.0
1634127809.172,438.0,434.0
1634127809.471,435.0,434.0
1634127809.771,435.0,434.0
1634127810.073,436.0,434.0
1634127810.373,435.0,434.0
1634127810.672,437.0,435.0
1634127810.975,439.0,435.0
1634127811.274,431.0,435.0
1634127811.573,437.0,435.0
1634127811.876,434.0,435.0
1634127812.175,435.0,435.0
1634127812.474,432.0,435.0
1634127812.777,439.0,435.0
1634127813.076,438.0,435.0
1634127813.375,440.0,435.0
1634127813.674,435.0,436.0
1634127813.977,437.0,436.0
1634127814.276,435.0,435.0
1634127814.575,434.0,436.0
1634127814.878,438.0,435.0
1634127815.177,434.0,436.0
1634127815.476,433.0,436.0
1634127815.779,439.0,436.0
1634127816.078,438.0,436.0
1634127816.377,438.0,436.0
1634127816.68,436.0,436.0
1634127816.979,438.0,436.0
1634127817.278,433.0,436.0
1634127817.577,434.0,436.0
1634127817.88,435.0,436.0
1634127818.179,436.0,435.0
1634127818.478,436.0,436.0
1634127818.781,433.0,436.0
1634127819.08,436.0,435.0
1634127819.379,437.0,435.0
1634127819.682,439.0,435.0
1634127819.981,438.0,435.0
1634127820.28,437.0,435.0
1634127820.583,433.0,436.0
1634127820.882,438.0,436.0
1634127821.181,435.0,436.0
1634127821.481,437.0,436.0
1634127821.783,434.0,436.0
1634127822.083,441.0,436.0
1634127822.382,434.0,436.0
1634127822.684,440.0,436.0
1634127822.984,435.0,436.0
1634127823.283,433.0,436.0
1634127823.586,435.0,436.0
1634127823.885,436.0,436.0
1634127824.184,437.0,436.0
1634127824.483,435.0,436.0
1634127824.786,432.0,436.0
1634127825.085,438.0,435.0
1634127825.384,432.0,435.0
1634127825.687,437.0,435.0
1634127825.986,436.0,435.0
1634127826.285,434.0,435.0
1634127826.588,439.0,435.0
1634127826.887,433.0,435.0
1634127827.186,433.0,435.0
1634127827.489,438.0,434.0
1634127827.788,435.0,435.0
1634127828.087,438.0,435.0
1634127828.386,435.0,435.0
1634127828.689,444.0,435.0
1634127828.988,436.0,436.0
1634127829.287,434.0,436.0
1634127829.59,436.0,436.0
1634127829.889,430.0,436.0
1634127830.188,431.0,435.0
1634127830.491,436.0,435.0
1634127830.79,438.0,435.0
1634127831.089,432.0,435.0
1634127831.392,432.0,435.0
1634127831.691,436.0,434.0
1634127831.99,436.0,434.0
1634127832.289,434.0,434.0
1634127832.592,430.0,434.0
1634127832.891,439.0,433.0
1634127833.19,432.0,434.0
1634127833.493,433.0,434.0
1634127833.792,436.0,434.0
1634127834.092,436.0,434.0
1634127834.394,433.0,434.0
1634127834.693,434.0,434.0
1634127834.993,436.0,434.0
1634127835.295,433.0,434.0
1634127835.595,439.0,434.0
1634127835.894,438.0,435.0
1634127836.193,435.0,435.0
1634127836.496,439.0,435.0
1634127836.795,436.0,435.0
1634127837.094,431.0,435.0
1634127837.397,435.0,435.0
1634127837.696,436.0,435.0
1634127837.995,437.0,435.0
1634127838.298,435.0,435.0
1634127838.597,433.0,436.0
1634127838.896,433.0,435.0
1634127839.199,436.0,435.0
1634127839.498,439.0,435.0
1634127839.797,437.0,435.0
1634127840.096,436.0,435.0
1634127840.399,439.0,435.0
1634127840.698,436.0,436.0
1634127840.997,438.0,436.0
1634127841.3,434.0,436.0
1634127841.599,433.0,436.0
1634127841.898,438.0,436.0
1634127842.201,435.0,436.0
1634127842.5,436.0,436.0
1634127842.799,437.0,436.0
1634127843.098,439.0,436.0
1634127843.401,436.0,436.0
1634127843.7,437.0,436.0
1634127843.999,435.0,436.0
1634127844.302,438.0,436.0
1634127844.601,438.0,436.0
1634127844.9,432.0,436.0
1634127845.203,436.0,436.0
1634127845.502,434.0,436.0
1634127845.801,437.0,436.0
1634127846.104,441.0,436.0
1634127846.403,440.0,436.0
1634127846.702,438.0,436.0
1634127847.002,435.0,436.0
1634127847.304,434.0,436.0
1634127847.604,435.0,436.0
1634127847.903,437.0,436.0
1634127848.205,434.0,436.0
1634127848.505,434.0,436.0
1634127848.804,434.0,436.0
1634127849.107,438.0,436.0
1634127849.406,439.0,435.0
1634127849.705,433.0,435.0
1634127850.008,434.0,435.0
1634127850.307,437.0,435.0
1634127850.606,438.0,435.0
1634127850.905,437.0,435.0
1634127851.208,434.0,435.0
1634127851.507,436.0,435.0
1634127851.806,436.0,436.0
1634127852.109,435.0,436.0
1634127852.408,436.0,435.0
1634127852.707,434.0,435.0
1634127853.01,437.0,435.0
1634127853.309,431.0,436.0
1634127853.608,429.0,435.0
1634127853.911,432.0,434.0
1634127854.21,435.0,434.0
1634127854.509,430.0,434.0
1634127854.808,433.0,433.0
1634127855.111,433.0,433.0
1634127855.41,435.0,433.0
1634127855.709,438.0,432.0
1634127856.012,437.0,433.0
1634127856.311,434.0,433.0
1634127856.61,434.0,433.0
1634127856.913,435.0,434.0
1634127857.212,429.0,434.0
1634127857.511,434.0,433.0
1634127857.814,433.0,434.0
1634127858.113,438.0,434.0
1634127858.412,436.0,434.0
1634127858.711,435.0,434.0
1634127859.014,437.0,434.0
1634127859.313,434.0,434.0
1634127859.613,436.0,434.0
1634127859.915,432.0,434.0
1634127860.214,435.0,434.0
1634127860.514,438.0,435.0
1634127860.817,435.0,435.0
1634127861.116,434.0,435.0
1634127861.415,432.0,435.0
1634127861.718,432.0,434.0
1634127862.017,433.0,434.0
1634127862.316,432.0,434.0
1634127862.615,436.0,433.0
1634127862.918,434.0,433.0
1634127863.217,435.0,434.0
1634127863.516,439.0,434.0
1634127863.819,432.0,434.0
1634127864.118,437.0,433.0
1634127864.417,435.0,434.0
1634127864.72,439.0,434.0
1634127865.019,435.0,435.0
1634127865.318,440.0,435.0
1634127865.617,437.0,436.0
1634127865.92,435.0,436.0
1634127866.219,434.0,436.0
1634127866.518,433.0,436.0
1634127866.821,437.0,435.0
1634127867.12,437.0,436.0
1634127867.419,436.0,436.0
1634127867.722,438.0,436.0
1634127868.021,436.0,436.0
1634127868.32,437.0,436.0
1634127868.623,436.0,436.0
1634127868.922,439.0,435.0
1634127869.221,438.0,436.0
1634127869.52,433.0,436.0
1634127869.823,439.0,436.0
1634127870.122,433.0,436.0
1634127870.421,436.0,436.0
1634127870.724,439.0,436.0
1634127871.023,434.0,436.0
1634127871.322,438.0,436.0
1634127871.625,442.0,436.0
1634127871.924,440.0,437.0
1634127872.223,437.0,437.0
1634127872.526,441.0,437.0
1634127872.825,437.0,437.0
1634127873.125,438.0,437.0
1634127873.424,435.0,438.0
1634127873.727,436.0,438.0
1634127874.026,441.0,437.0
1634127874.325,437.0,438.0
1634127874.628,437.0,438.0
1634127874.927,434.0,437.0
1634127875.226,443.0,437.0
1634127875.529,437.0,437.0
1634127875.828,439.0,437.0
1634127876.127,441.0,437.0
1634127876.43,440.0,438.0
1634127876.729,436.0,438.0
1634127877.028,439.0,438.0
1634127877.327,439.0,438.0
1634127877.63,439.0,438.0
1634127877.929,434.0,438.0
1634127878.228,438.0,438.0
1634127878.531,437.0,438.0
1634127878.83,435.0,438.0
1634127879.129,433.0,437.0
1634127879.432,437.0,437.0
1634127879.731,435.0,436.0
1634127880.03,437.0,436.0
1634127880.333,439.0,436.0
1634127880.632,440.0,436.0
1634127880.931,432.0,436.0
1634127881.23,436.0,436.0
1634127881.533,430.0,436.0
1634127881.832,438.0,435.0
1634127882.131,440.0,435.0
1634127882.434,439.0,436.0
1634127882.733,439.0,436.0
1634127883.032,435.0,437.0
1634127883.335,434.0,436.0
1634127883.634,436.0,436.0
1634127883.933,437.0,435.0
1634127884.236,438.0,436.0
1634127884.535,433.0,436.0
1634127884.834,439.0,436.0
1634127885.134,435.0,437.0
1634127885.436,441.0,436.0
1634127885.736,434.0,436.0
1634127886.035,436.0,436.0
1634127886.337,435.0,436.0
1634127886.637,436.0,436.0
1634127886.936,433.0,436.0
1634127887.239,437.0,436.0
1634127887.538,440.0,435.0
1634127887.837,437.0,436.0
1634127888.136,439.0,436.0
1634127888.439,438.0,436.0
1634127888.738,434.0,436.0
1634127889.037,433.0,436.0
1634127889.34,437.0,436.0
1634127889.639,439.0,436.0
1634127889.938,436.0,436.0
1634127890.241,431.0,437.0
1634127890.54,434.0,436.0
1634127890.839,435.0,435.0
1634127891.142,437.0,435.0
1634127891.441,441.0,435.0
1634127891.74,439.0,435.0
1634127892.039,435.0,436.0
1634127892.342,438.0,436.0
1634127892.641,437.0,436.0
1634127892.94,431.0,436.0
1634127893.243,435.0,435.0
1634127893.542,438.0,436.0
1634127893.841,439.0,436.0
1634127894.144,435.0,437.0
1634127894.443,439.0,436.0
1634127894.742,441.0,436.0
1634127895.045,440.0,436.0
1634127895.344,438.0,437.0
1634127895.643,437.0,437.0
1634127895.942,440.0,437.0
1634127896.245,432.0,438.0
1634127896.544,439.0,437.0
1634127896.843,439.0,438.0
1634127897.146,440.0,438.0
1634127897.445,436.0,438.0
1634127897.745,441.0,438.0
1634127898.047,440.0,438.0
1634127898.347,438.0,438.0
1634127898.646,439.0,438.0
1634127898.949,440.0,438.0
1634127899.248,434.0,438.0
1634127899.547,439.0,438.0
1634127899.846,432.0,438.0
1634127900.149,435.0,437.0
1634127900.448,441.0,437.0
1634127900.747,437.0,437.0
1634127901.05,441.0,437.0
1634127901.349,437.0,437.0
1634127901.648,435.0,437.0
1634127901.951,440.0,437.0
1634127902.25,440.0,437.0
1634127902.549,436.0,437.0
1634127902.852,439.0,437.0
1634127903.151,437.0,438.0
1634127903.45,442.0,438.0
1634127903.749,437.0,438.0
1634127904.052,441.0,438.0
1634127904.351,443.0,438.0
1634127904.65,437.0,439.0
1634127904.953,438.0,439.0
1634127905.252,440.0,439.0
1634127905.551,438.0,439.0
1634127905.854,436.0,439.0
1634127906.153,438.0,438.0
1634127906.452,437.0,439.0
1634127906.751,435.0,438.0
1634127907.054,435.0,438.0
1634127907.353,440.0,437.0
1634127907.652,439.0,437.0
1634127907.955,437.0,437.0
1634127908.254,438.0,437.0
1634127908.553,439.0,437.0
1634127908.856,441.0,437.0
1634127909.155,439.0,437.0
1634127909.454,443.0,438.0
1634127909.757,437.0,438.0
1634127910.056,437.0,438.0
1634127910.356,437.0,439.0
1634127910.655,435.0,438.0
1634127910.958,435.0,438.0
1634127911.257,438.0,438.0
1634127911.556,436.0,438.0
1634127911.859,438.0,437.0
1634127912.158,437.0,437.0
1634127912.457,435.0,437.0
1634127912.76,441.0,436.0
1634127913.059,439.0,436.0
1634127913.358,436.0,437.0
1634127913.661,436.0,437.0
1634127913.96,435.0,437.0
1634127914.259,437.0,437.0
1634127914.558,439.0,437.0
1634127914.861,443.0,437.0
1634127915.16,434.0,437.0
1634127915.459,436.0,437.0
1634127915.762,437.0,437.0
1634127916.061,438.0,437.0
1634127916.36,438.0,437.0
1634127916.663,436.0,437.0
1634127916.962,435.0,437.0
1634127917.261,429.0,437.0
1634127917.564,435.0,436.0
1634127917.863,437.0,436.0
1634127918.162,436.0,435.0
1634127918.461,436.0,435.0
1634127918.764,434.0,435.0
1634127919.063,437.0,435.0
1634127919.362,434.0,435.0
1634127919.665,436.0,434.0
1634127919.964,438.0,434.0
1634127920.263,439.0,435.0
1634127920.566,436.0,436.0
1634127920.865,435.0,436.0
1634127921.164,438.0,436.0
1634127921.467,436.0,436.0
1634127921.766,439.0,436.0
1634127922.065,439.0,436.0
1634127922.364,437.0,437.0
1634127922.667,438.0,437.0
1634127922.966,438.0,437.0
1634127923.266,438.0,437.0
1634127923.568,436.0,437.0
1634127923.867,439.0,437.0
1634127924.167,439.0,437.0
1634127924.47,434.0,437.0
1634127924.769,438.0,437.0
1634127925.068,435.0,437.0
1634127925.367,436.0,437.0
1634127925.67,437.0,437.0
1634127925.969,435.0,437.0
1634127926.268,439.0,436.0
1634127926.571,436.0,436.0
1634127926.87,436.0,436.0
1634127927.169,436.0,436.0
1634127927.472,434.0,436.0
1634127927.771,433.0,436.0
1634127928.07,438.0,435.0
1634127928.373,441.0,436.0
1634127928.672,436.0,436.0
1634127928.971,436.0,436.0
1634127929.27,433.0,436.0
1634127929.573,432.0,435.0
1634127929.872,439.0,435.0
1634127930.171,440.0,435.0
1634127930.474,435.0,436.0
1634127930.773,438.0,436.0
1634127931.072,436.0,436.0
1634127931.375,438.0,436.0
1634127931.674,436.0,436.0
1634127931.973,438.0,436.0
1634127932.276,440.0,436.0
1634127932.575,440.0,437.0
1634127932.874,436.0,438.0
1634127933.173,438.0,437.0
1634127933.476,440.0,437.0
1634127933.775,438.0,438.0
1634127934.074,437.0,438.0
1634127934.377,439.0,438.0
1634127934.676,440.0,438.0
1634127934.975,438.0,438.0
1634127935.278,436.0,438.0
1634127935.577,438.0,438.0
1634127935.876,438.0,438.0
1634127936.179,439.0,438.0
1634127936.479,437.0,438.0
1634127936.778,440.0,438.0
1634127937.077,437.0,438.0
1634127937.38,440.0,438.0
1634127937.679,432.0,438.0
1634127937.978,440.0,437.0
1634127938.281,436.0,437.0
1634127938.58,440.0,437.0
1634127938.879,439.0,437.0
1634127939.182,440.0,438.0
1634127939.481,437.0,438.0
1634127939.78,433.0,438.0
1634127940.083,438.0,437.0
1634127940.382,436.0,437.0
1634127940.681,436.0,437.0
1634127940.98,440.0,437.0
1634127941.283,437.0,437.0
1634127941.582,434.0,437.0
1634127941.881,440.0,437.0
1634127942.184,439.0,437.0
1634127942.483,437.0,437.0
1634127942.782,442.0,437.0
1634127943.085,438.0,437.0
1634127943.384,437.0,437.0
1634127943.683,434.0,438.0
1634127943.982,437.0,437.0
1634127944.285,439.0,437.0
1634127944.584,433.0,437.0
1634127944.883,438.0,437.0
1634127945.186,433.0,437.0
1634127945.485,433.0,436.0
1634127945.784,439.0,436.0
1634127946.087,436.0,436.0
1634127946.386,435.0,435.0
1634127946.685,439.0,435.0
1634127946.988,438.0,436.0
1634127947.287,438.0,436.0
1634127947.586,438.0,436.0
1634127947.886,442.0,436.0
1634127948.188,439.0,437.0
1634127948.488,435.0,437.0
1634127948.787,440.0,437.0
1634127949.089,439.0,438.0
1634127949.389,436.0,438.0
1634127949.688,442.0,438.0
1634127949.991,440.0,438.0
1634127950.29,442.0,438.0
1634127950.589,438.0,439.0
1634127950.892,439.0,439.0
1634127951.191,437.0,439.0
1634127951.49,437.0,438.0
1634127951.789,435.0,439.0
1634127952.092,443.0,438.0
1634127952.391,437.0,438.0
1634127952.69,440.0,439.0
1634127952.993,434.0,438.0
1634127953.292,436.0,438.0
1634127953.591,438.0,437.0
1634127953.894,439.0,437.0
1634127954.193,440.0,437.0
1634127954.492,436.0,437.0
1634127954.795,440.0,437.0
1634127955.094,442.0,438.0
1634127955.393,439.0,438.0
1634127955.692,438.0,438.0
1634127955.995,437.0,438.0
1634127956.294,439.0,438.0
1634127956.593,433.0,438.0
1634127956.896,438.0,438.0
1634127957.195,439.0,438.0
1634127957.494,439.0,438.0
1634127957.797,442.0,438.0
1634127958.096,440.0,438.0
1634127958.395,440.0,438.0
1634127958.698,440.0,438.0
1634127958.997,438.0,438.0
1634127959.296,440.0,438.0
1634127959.596,434.0,438.0
1634127959.898,441.0,439.0
1634127960.197,442.0,439.0
1634127960.497,437.0,439.0
1634127960.799,438.0,439.0
1634127961.098,438.0,439.0
1634127961.398,438.0,438.0
1634127961.7,439.0,438.0
1634127962.0,437.0,438.0
1634127962.299,436.0,438.0
1634127962.598,438.0,438.0
1634127962.901,439.0,438.0
1634127963.2,439.0,438.0
1634127963.499,438.0,437.0
1634127963.802,437.0,438.0
1634127964.101,442.0,437.0
1634127964.4,436.0,438.0
1634127964.703,441.0,438.0
1634127965.002,436.0,438.0
1634127965.301,441.0,438.0
1634127965.604,437.0,438.0
1634127965.903,440.0,438.0
1634127966.202,440.0,438.0
1634127966.501,442.0,438.0
1634127966.804,440.0,439.0
1634127967.103,443.0,439.0
1634127967.402,441.0,439.0
1634127967.705,439.0,440.0
1634127968.004,441.0,439.0
1634127968.303,439.0,440.0
1634127968.606,435.0,440.0
1634127968.905,439.0,440.0
1634127969.204,440.0,439.0
1634127969.507,439.0,439.0
1634127969.806,442.0,439.0
1634127970.105,437.0,439.0
1634127970.404,437.0,439.0
1634127970.707,434.0,438.0
1634127971.006,431.0,438.0
1634127971.305,437.0,437.0
1634127971.608,439.0,437.0
1634127971.907,436.0,437.0
1634127972.206,436.0,437.0
1634127972.509,435.0,436.0
1634127972.808,434.0,436.0
1634127973.107,440.0,435.0
1634127973.41,437.0,435.0
1634127973.709,436.0,435.0
1634127974.009,438.0,436.0
1634127974.308,440.0,436.0
1634127974.61,442.0,437.0
1634127974.91,441.0,437.0
1634127975.209,438.0,437.0
1634127975.512,439.0,438.0
1634127975.811,436.0,438.0
1634127976.11,435.0,438.0
1634127976.413,439.0,438.0
1634127976.712,435.0,438.0
1634127977.011,438.0,438.0
1634127977.314,435.0,438.0
1634127977.613,439.0,437.0
1634127977.912,440.0,437.0
1634127978.211,439.0,437.0
1634127978.514,436.0,437.0
1634127978.813,438.0,437.0
1634127979.112,433.0,437.0
1634127979.415,440.0,437.0
1634127979.714,438.0,437.0
1634127980.013,437.0,437.0
1634127980.316,438.0,437.0
1634127980.615,439.0,437.0
1634127980.914,436.0,437.0
1634127981.213,433.0,437.0
1634127981.516,439.0,436.0
1634127981.815,433.0,437.0
1634127982.114,436.0,436.0
1634127982.417,436.0,436.0
1634127982.716,439.0,436.0
1634127983.015,437.0,436.0
1634127983.318,438.0,436.0
1634127983.617,439.0,436.0
1634127983.916,434.0,436.0
1634127984.219,439.0,436.0
1634127984.518,437.0,437.0
1634127984.817,437.0,436.0
1634127985.116,438.0,437.0
1634127985.419,437.0,437.0
1634127985.718,439.0,437.0
1634127986.018,435.0,437.0
1634127986.32,435.0,437.0
1634127986.619,434.0,437.0
1634127986.919,436.0,436.0
1634127987.221,435.0,436.0
1634127987.521,436.0,436.0
1634127987.82,437.0,436.0
1634127988.123,434.0,436.0
1634127988.422,437.0,435.0
1634127988.721,435.0,435.0
1634127989.02,436.0,435.0
1634127989.323,434.0,435.0
1634127989.622,440.0,435.0
1634127989.921,440.0,436.0
1634127990.224,438.0,436.0
1634127990.523,438.0,436.0
1634127990.822,433.0,436.0
1634127991.125,436.0,436.0
1634127991.424,439.0,436.0
1634127991.723,436.0,436.0
1634127992.026,440.0,437.0
1634127992.325,438.0,437.0
1634127992.624,440.0,437.0
1634127992.923,441.0,437.0
1634127993.226,437.0,437.0
1634127993.525,436.0,437.0
1634127993.824,441.0,437.0
1634127994.127,436.0,438.0
1634127994.426,437.0,438.0
1634127994.725,436.0,438.0
1634127995.028,438.0,438.0
1634127995.327,436.0,438.0
1634127995.626,438.0,437.0
1634127995.925,440.0,437.0
1634127996.228,436.0,437.0
1634127996.527,436.0,437.0
1634127996.826,433.0,437.0
1634127997.129,435.0,436.0
1634127997.428,435.0,436.0
1634127997.727,434.0,436.0
1634127998.03,440.0,436.0
1634127998.329,436.0,436.0
1634127998.628,435.0,436.0
1634127998.931,436.0,436.0
1634127999.23,437.0,435.0
1634127999.53,437.0,435.0
1634127999.829,437.0,435.0
1634128000.132,441.0,436.0
1634128000.431,440.0,436.0
1634128000.73,435.0,437.0
1634128001.033,436.0,437.0
1634128001.332,435.0,437.0
1634128001.631,441.0,436.0
1634128001.934,436.0,437.0
1634128002.233,436.0,437.0
1634128002.532,435.0,437.0
1634128002.835,440.0,437.0
1634128003.134,437.0,437.0
1634128003.433,436.0,437.0
1634128003.732,437.0,436.0
1634128004.035,436.0,436.0
1634128004.334,440.0,436.0
1634128004.633,438.0,437.0
1634128004.936,435.0,437.0
1634128005.235,436.0,437.0
1634128005.534,438.0,437.0
1634128005.837,440.0,437.0
1634128006.136,441.0,437.0
1634128006.435,440.0,437.0
1634128006.738,438.0,438.0
1634128007.037,438.0,438.0
1634128007.336,440.0,438.0
1634128007.635,440.0,438.0
1634128007.938,439.0,438.0
1634128008.237,440.0,439.0
1634128008.536,437.0,439.0
1634128008.839,438.0,439.0
1634128009.138,439.0,439.0
1634128009.437,434.0,438.0
1634128009.74,439.0,438.0
1634128010.039,439.0,438.0
1634128010.338,435.0,438.0
1634128010.637,433.0,438.0
1634128010.94,437.0,437.0
1634128011.239,438.0,437.0
1634128011.539,438.0,436.0
1634128011.841,438.0,437.0
1634128012.141,439.0,437.0
1634128012.44,440.0,437.0
1634128012.742,444.0,437.0
1634128013.042,437.0,438.0
1634128013.341,440.0,437.0
1634128013.644,436.0,438.0
1634128013.943,440.0,438.0
1634128014.242,438.0,439.0
1634128014.541,433.0,439.0
1634128014.844,438.0,438.0
1634128015.143,435.0,438.0
1634128015.442,435.0,438.0
1634128015.745,437.0,437.0
1634128016.044,437.0,436.0
1634128016.343,434.0,436.0
1634128016.646,436.0,436.0
1634128016.945,440.0,436.0
1634128017.244,441.0,436.0
1634128017.547,439.0,436.0
1634128017.846,439.0,437.0
1634128018.145,436.0,437.0
1634128018.444,436.0,437.0
1634128018.747,438.0,437.0
1634128019.046,436.0,437.0
1634128019.345,440.0,437.0
1634128019.648,438.0,438.0
1634128019.947,438.0,438.0
1634128020.246,442.0,438.0
1634128020.549,438.0,438.0
1634128020.848,439.0,438.0
1634128021.147,438.0,438.0
1634128021.45,434.0,438.0
1634128021.749,436.0,438.0
1634128022.048,438.0,437.0
1634128022.347,437.0,438.0
1634128022.65,433.0,437.0
1634128022.949,439.0,437.0
1634128023.249,437.0,437.0
1634128023.551,439.0,436.0
1634128023.85,437.0,437.0
1634128024.15,439.0,436.0
1634128024.452,437.0,436.0
1634128024.751,439.0,437.0
1634128025.051,438.0,437.0
1634128025.35,440.0,437.0
1634128025.653,436.0,437.0
1634128025.952,441.0,438.0
1634128026.251,432.0,438.0
1634128026.554,441.0,437.0
1634128026.853,439.0,438.0
1634128027.152,437.0,438.0
1634128027.455,435.0,438.0
1634128027.754,434.0,437.0
1634128028.053,439.0,437.0
1634128028.356,437.0,437.0
1634128028.655,435.0,437.0
1634128028.954,438.0,437.0
1634128029.253,437.0,436.0
1634128029.556,438.0,437.0
1634128029.855,436.0,436.0
1634128030.154,436.0,436.0
1634128030.457,437.0,436.0
1634128030.756,437.0,436.0
1634128031.055,434.0,437.0
1634128031.358,438.0,436.0
1634128031.657,435.0,436.0
1634128031.956,439.0,436.0
1634128032.259,438.0,436.0
1634128032.558,440.0,436.0
1634128032.857,438.0,437.0
1634128033.156,440.0,437.0
1634128033.459,435.0,437.0
1634128033.758,437.0,437.0
1634128034.057,433.0,437.0
1634128034.36,437.0,437.0
1634128034.659,441.0,437.0
1634128034.959,436.0,437.0
1634128035.261,436.0,437.0
1634128035.56,435.0,437.0
1634128035.859,435.0,436.0
1634128036.162,434.0,436.0
1634128036.461,442.0,435.0
1634128036.76,437.0,436.0
1634128037.06,438.0,436.0
1634128037.362,435.0,437.0
1634128037.662,432.0,436.0
1634128037.961,437.0,436.0
1634128038.264,435.0,436.0
1634128038.563,437.0,436.0
1634128038.862,434.0,436.0
1634128039.165,436.0,436.0
1634128039.464,439.0,436.0
1634128039.763,436.0,436.0
1634128040.062,437.0,435.0
1634128040.365,436.0,435.0
1634128040.664,437.0,435.0
1634128040.963,434.0,436.0
1634128041.266,436.0,436.0
1634128041.565,437.0,436.0
1634128041.864,437.0,436.0
1634128042.167,441.0,436.0
1634128042.466,434.0,437.0
1634128042.765,437.0,436.0
1634128043.068,438.0,436.0
1634128043.367,441.0,436.0
1634128043.666,438.0,437.0
1634128043.965,437.0,437.0
1634128044.268,435.0,437.0
1634128044.567,435.0,437.0
1634128044.866,439.0,437.0
1634128045.169,437.0,437.0
1634128045.468,436.0,437.0
1634128045.767,440.0,437.0
1634128046.07,436.0,437.0
1634128046.369,438.0,437.0
1634128046.668,437.0,437.0
1634128046.971,435.0,437.0
1634128047.27,433.0,436.0
1634128047.569,440.0,436.0
1634128047.868,441.0,437.0
1634128048.171,437.0,437.0
1634128048.47,435.0,437.0
1634128048.77,440.0,437.0
1634128049.072,439.0,437.0
1634128049.371,435.0,437.0
1634128049.671,436.0,437.0
1634128049.973,437.0,437.0
1634128050.273,435.0,437.0
1634128050.572,437.0,437.0
1634128050.875,438.0,437.0
1634128051.174,438.0,436.0
1634128051.473,441.0,437.0
1634128051.772,440.0,437.0
1634128052.075,436.0,437.0
1634128052.374,439.0,437.0
1634128052.673,437.0,437.0
1634128052.976,436.0,437.0
1634128053.275,436.0,437.0
1634128053.574,438.0,437.0
1634128053.877,437.0,437.0
1634128054.176,443.0,437.0
1634128054.475,442.0,438.0
1634128054.774,439.0,438.0
1634128055.077,439.0,438.0
1634128055.376,442.0,438.0
1634128055.675,436.0,438.0
1634128055.978,440.0,438.0
1634128056.277,433.0,439.0
1634128056.576,438.0,438.0
1634128056.879,435.0,438.0
1634128057.178,438.0,438.0
1634128057.477,438.0,438.0
1634128057.78,435.0,437.0
1634128058.079,439.0,437.0
1634128058.378,438.0,437.0
1634128058.677,435.0,437.0
1634128058.98,437.0,436.0
1634128059.279,438.0,436.0
1634128059.578,438.0,437.0
1634128059.881,437.0,437.0
1634128060.18,434.0,437.0
1634128060.479,438.0,436.0
1634128060.782,438.0,436.0
1634128061.081,437.0,437.0
1634128061.38,435.0,437.0
1634128061.683,437.0,436.0
1634128061.982,433.0,436.0
1634128062.281,436.0,436.0
1634128062.581,438.0,436.0
1634128062.883,435.0,436.0
1634128063.183,437.0,436.0
1634128063.482,437.0,436.0
1634128063.785,435.0,436.0
1634128064.084,435.0,436.0
1634128064.383,434.0,435.0
1634128064.686,434.0,435.0
1634128064.985,435.0,435.0
1634128065.284,437.0,435.0
1634128065.587,435.0,435.0
1634128065.886,437.0,435.0
1634128066.185,435.0,435.0
1634128066.484,437.0,435.0
1634128066.787,436.0,435.0
1634128067.086,436.0,435.0
1634128067.385,438.0,435.0
1634128067.688,436.0,436.0
1634128067.987,438.0,436.0
1634128068.286,437.0,436.0
1634128068.589,440.0,436.0
1634128068.888,437.0,437.0
1634128069.187,435.0,437.0
1634128069.486,438.0,437.0
1634128069.789,439.0,437.0
1634128070.088,438.0,437.0
1634128070.387,436.0,437.0
1634128070.69,438.0,437.0
1634128070.989,435.0,437.0
1634128071.288,442.0,437.0
1634128071.591,439.0,437.0
1634128071.89,438.0,437.0
1634128072.189,440.0,437.0
1634128072.492,437.0,438.0
1634128072.791,436.0,438.0
1634128073.09,436.0,437.0
1634128073.389,437.0,437.0
1634128073.692,433.0,437.0
1634128073.991,436.0,437.0
1634128074.29,436.0,437.0
1634128074.593,439.0,436.0
1634128074.892,440.0,436.0
1634128075.192,439.0,437.0
1634128075.494,436.0,436.0
1634128075.794,435.0,436.0
1634128076.093,436.0,436.0
1634128076.396,435.0,436.0
1634128076.695,441.0,436.0
1634128076.994,441.0,437.0
1634128077.293,438.0,437.0
1634128077.596,436.0,438.0
1634128077.895,436.0,437.0
1634128078.194,435.0,437.0
1634128078.497,436.0,436.0
1634128078.796,437.0,436.0
1634128079.095,436.0,437.0
1634128079.398,440.0,437.0
1634128079.697,438.0,437.0
1634128079.996,436.0,437.0
1634128080.295,439.0,436.0
1634128080.598,433.0,436.0
1634128080.897,436.0,436.0
1634128081.196,436.0,436.0
1634128081.499,435.0,436.0
1634128081.798,437.0,436.0
1634128082.097,440.0,436.0
1634128082.4,439.0,437.0
1634128082.699,436.0,436.0
1634128082.998,436.0,436.0
1634128083.301,437.0,436.0
1634128083.6,439.0,436.0
1634128083.899,438.0,437.0
1634128084.198,442.0,437.0
1634128084.501,438.0,437.0
1634128084.8,441.0,438.0
1634128085.099,440.0,438.0
1634128085.402,435.0,438.0
1634128085.701,441.0,438.0
1634128086.0,437.0,438.0
1634128086.303,435.0,438.0
1634128086.602,436.0,438.0
1634128086.901,431.0,438.0
1634128087.204,438.0,437.0
1634128087.503,438.0,437.0
1634128087.803,438.0,437.0
1634128088.102,437.0,436.0
1634128088.405,439.0,436.0
1634128088.704,430.0,437.0
1634128089.003,433.0,435.0
1634128089.306,435.0,435.0
1634128089.605,440.0,435.0
1634128089.904,438.0,435.0
1634128090.207,438.0,436.0
1634128090.506,435.0,436.0
1634128090.805,438.0,436.0
1634128091.108,441.0,436.0
1634128091.407,434.0,436.0
1634128091.706,436.0,436.0
1634128092.005,440.0,436.0
1634128092.308,441.0,437.0
1634128092.607,436.0,438.0
1634128092.906,440.0,437.0
1634128093.209,439.0,437.0
1634128093.508,436.0,438.0
1634128093.807,434.0,438.0
1634128094.11,439.0,437.0
1634128094.409,434.0,437.0
1634128094.708,438.0,437.0
1634128095.007,438.0,437.0
1634128095.31,435.0,437.0
1634128095.609,435.0,436.0
1634128095.908,437.0,436.0
1634128096.211,437.0,436.0
1634128096.51,437.0,436.0
1634128096.809,436.0,436.0
1634128097.112,439.0,436.0
1634128097.411,439.0,436.0
1634128097.71,437.0,437.0
1634128098.013,438.0,437.0
1634128098.312,438.0,437.0
1634128098.611,434.0,437.0
1634128098.91,438.0,437.0
1634128099.213,437.0,437.0
1634128099.512,441.0,437.0
1634128099.812,440.0,437.0
1634128100.114,431.0,438.0
1634128100.413,434.0,437.0
1634128100.713,430.0,436.0
1634128101.016,439.0,436.0
1634128101.315,437.0,436.0
1634128101.614,437.0,436.0
1634128101.917,433.0,436.0
1634128102.216,438.0,435.0
1634128102.515,433.0,436.0
1634128102.814,441.0,435.0
1634128103.117,433.0,435.0
1634128103.416,437.0,435.0
1634128103.715,439.0,435.0
1634128104.018,433.0,436.0
1634128104.317,436.0,436.0
1634128104.616,437.0,436.0
1634128104.919,433.0,436.0
1634128105.218,434.0,436.0
1634128105.517,432.0,435.0
1634128105.82,437.0,435.0
1634128106.119,439.0,435.0
1634128106.418,437.0,435.0
1634128106.717,438.0,435.0
1634128107.02,439.0,435.0
1634128107.319,442.0,436.0
1634128107.618,435.0,436.0
1634128107.921,435.0,436.0
1634128108.22,439.0,436.0
1634128108.519,439.0,437.0
1634128108.822,436.0,438.0
1634128109.121,441.0,437.0
1634128109.42,438.0,438.0
1634128109.719,442.0,438.0
1634128110.022,437.0,438.0
1634128110.321,439.0,438.0
1634128110.62,436.0,438.0
1634128110.923,437.0,438.0
1634128111.222,433.0,438.0
1634128111.521,436.0,437.0
1634128111.824,437.0,437.0
1634128112.123,438.0,437.0
1634128112.422,436.0,437.0
1634128112.725,440.0,437.0
1634128113.024,437.0,436.0
1634128113.324,437.0,436.0
1634128113.623,439.0,436.0
1634128113.926,437.0,437.0
1634128114.225,441.0,437.0
1634128114.524,438.0,437.0
1634128114.827,442.0,438.0
1634128115.126,437.0,438.0
1634128115.425,436.0,438.0
1634128115.728,437.0,438.0
1634128116.027,436.0,438.0
1634128116.326,441.0,438.0
1634128116.629,443.0,438.0
1634128116.928,439.0,438.0
1634128117.227,438.0,439.0
1634128117.526,441.0,438.0
1634128117.829,435.0,439.0
1634128118.128,437.0,438.0
1634128118.427,438.0,438.0
1634128118.73,438.0,438.0
1634128119.029,437.0,438.0
1634128119.328,439.0,438.0
1634128119.631,435.0,438.0
1634128119.93,438.0,437.0
1634128120.229,436.0,437.0
1634128120.532,435.0,437.0
1634128120.831,438.0,436.0
1634128121.13,438.0,437.0
1634128121.429,441.0,437.0
1634128121.732,439.0,437.0
1634128122.031,442.0,437.0
1634128122.33,438.0,438.0
1634128122.633,440.0,438.0
1634128122.932,439.0,438.0
1634128123.231,436.0,438.0
1634128123.534,440.0,438.0
1634128123.833,442.0,439.0
1634128124.132,444.0,439.0
1634128124.431,441.0,440.0
1634128124.734,438.0,440.0
1634128125.033,442.0,440.0
1634128125.333,435.0,440.0
1634128125.635,439.0,439.0
1634128125.935,442.0,439.0
1634128126.234,440.0,439.0
1634128126.536,442.0,440.0
1634128126.836,435.0,440.0
1634128127.135,440.0,439.0
1634128127.438,441.0,439.0
1634128127.737,433.0,439.0
1634128128.036,437.0,438.0
1634128128.335,436.0,438.0
1634128128.638,442.0,438.0
1634128128.937,437.0,438.0
1634128129.236,435.0,438.0
1634128129.539,436.0,437.0
1634128129.838,435.0,437.0
1634128130.137,437.0,437.0
1634128130.44,436.0,436.0
1634128130.739,435.0,436.0
1634128131.038,438.0,436.0
1634128131.341,434.0,436.0
1634128131.64,440.0,436.0
1634128131.939,434.0,436.0
1634128132.238,434.0,436.0
1634128132.541,437.0,435.0
1634128132.84,439.0,436.0
1634128133.139,438.0,436.0
1634128133.442,443.0,436.0
1634128133.741,438.0,437.0
1634128134.04,437.0,437.0
1634128134.343,437.0,437.0
1634128134.642,437.0,437.0
1634128134.941,438.0,437.0
1634128135.24,439.0,437.0
1634128135.543,437.0,438.0
1634128135.842,443.0,438.0
1634128136.141,440.0,438.0
1634128136.444,435.0,438.0
1634128136.743,435.0,438.0
1634128137.042,440.0,437.0
1634128137.345,440.0,438.0
1634128137.644,439.0,438.0
1634128137.943,436.0,438.0
1634128138.246,435.0,438.0
1634128138.545,441.0,438.0
1634128138.845,437.0,438.0
1634128139.144,438.0,437.0
1634128139.447,436.0,437.0
1634128139.746,440.0,437.0
1634128140.045,438.0,438.0
1634128140.348,437.0,438.0
1634128140.647,442.0,437.0
1634128140.946,436.0,438.0
1634128141.249,437.0,438.0
1634128141.548,441.0,438.0
1634128141.847,435.0,438.0
1634128142.15,436.0,438.0
1634128142.449,440.0,437.0
1634128142.748,441.0,438.0
1634128143.047,438.0,438.0
1634128143.35,439.0,438.0
1634128143.649,441.0,438.0
1634128143.948,438.0,438.0
1634128144.251,439.0,438.0
1634128144.55,436.0,438.0
1634128144.849,438.0,438.0
1634128145.152,437.0,438.0
1634128145.451,440.0,438.0
1634128145.75,436.0,438.0
1634128146.053,441.0,438.0
1634128146.352,441.0,438.0
1634128146.651,435.0,438.0
1634128146.95,441.0,438.0
1634128147.253,442.0,438.0
1634128147.552,432.0,438.0
1634128147.851,437.0,438.0
1634128148.154,437.0,438.0
1634128148.453,445.0,438.0
1634128148.752,439.0,438.0
1634128149.055,443.0,439.0
1634128149.354,435.0,439.0
1634128149.653,438.0,438.0
1634128149.952,436.0,438.0
1634128150.255,441.0,438.0
1634128150.554,437.0,438.0
1634128150.853,436.0,438.0
1634128151.156,445.0,438.0
1634128151.456,439.0,439.0
1634128151.755,436.0,438.0
1634128152.057,441.0,438.0
1634128152.357,436.0,438.0
1634128152.656,441.0,438.0
1634128152.959,439.0,438.0
1634128153.258,441.0,439.0
1634128153.557,440.0,439.0
1634128153.856,440.0,439.0
1634128154.159,438.0,439.0
1634128154.458,440.0,439.0
1634128154.757,438.0,439.0
1634128155.06,439.0,439.0
1634128155.359,438.0,439.0
1634128155.658,438.0,439.0
1634128155.961,433.0,439.0
1634128156.26,439.0,438.0
1634128156.559,437.0,438.0
1634128156.862,440.0,438.0
1634128157.161,439.0,438.0
1634128157.46,440.0,438.0
1634128157.759,440.0,438.0
1634128158.062,442.0,438.0
1634128158.361,441.0,438.0
1634128158.66,436.0,438.0
1634128158.963,437.0,438.0
1634128159.262,438.0,439.0
1634128159.561,438.0,439.0
1634128159.864,442.0,439.0
1634128160.163,436.0,439.0
1634128160.462,439.0,439.0
1634128160.765,441.0,438.0
1634128161.064,436.0,439.0
1634128161.363,440.0,438.0
1634128161.662,441.0,438.0
1634128161.965,436.0,438.0
1634128162.264,441.0,438.0
1634128162.563,441.0,439.0
1634128162.866,439.0,439.0
1634128163.165,439.0,439.0
1634128163.464,437.0,439.0
1634128163.767,437.0,439.0
1634128164.066,442.0,438.0
1634128164.366,442.0,439.0
1634128164.665,438.0,439.0
1634128164.968,440.0,439.0
1634128165.267,441.0,439.0
1634128165.566,438.0,439.0
1634128165.869,443.0,439.0
1634128166.168,438.0,439.0
1634128166.467,434.0,439.0
1634128166.77,441.0,439.0
1634128167.069,438.0,439.0
1634128167.368,439.0,439.0
1634128167.671,438.0,439.0
1634128167.97,434.0,439.0
1634128168.269,441.0,438.0
1634128168.568,439.0,438.0
1634128168.871,440.0,438.0
1634128169.17,441.0,438.0
1634128169.469,437.0,438.0
1634128169.772,437.0,438.0
1634128170.071,436.0,438.0
1634128170.37,436.0,438.0
1634128170.673,442.0,437.0
1634128170.972,440.0,438.0
1634128171.271,438.0,438.0
1634128171.574,440.0,438.0
1634128171.873,437.0,438.0
1634128172.172,440.0,438.0
1634128172.471,441.0,438.0
1634128172.774,440.0,438.0
1634128173.073,437.0,439.0
1634128173.372,439.0,439.0
1634128173.675,440.0,439.0
1634128173.974,437.0,439.0
1634128174.273,439.0,438.0
1634128174.576,439.0,439.0
1634128174.875,434.0,438.0
1634128175.174,441.0,438.0
1634128175.473,439.0,438.0
1634128175.776,434.0,438.0
1634128176.075,439.0,437.0
1634128176.375,434.0,438.0
1634128176.677,439.0,437.0
1634128176.977,438.0,437.0
1634128177.276,435.0,437.0
1634128177.578,437.0,437.0
1634128177.878,438.0,437.0
1634128178.177,440.0,437.0
1634128178.48,433.0,437.0
1634128178.779,435.0,436.0
1634128179.078,437.0,436.0
1634128179.377,442.0,436.0
1634128179.68,434.0,437.0
1634128179.979,438.0,436.0
1634128180.278,438.0,436.0
1634128180.581,435.0,437.0
1634128180.88,440.0,437.0
1634128181.179,439.0,437.0
1634128181.482,437.0,437.0
1634128181.781,440.0,437.0
1634128182.08,441.0,438.0
1634128182.383,436.0,438.0
1634128182.682,438.0,437.0
1634128182.981,440.0,438.0
1634128183.28,438.0,438.0
1634128183.583,439.0,438.0
1634128183.882,437.0,438.0
1634128184.181,438.0,438.0
1634128184.484,438.0,438.0
1634128184.783,438.0,438.0
1634128185.082,433.0,438.0
1634128185.385,437.0,437.0
1634128185.684,438.0,437.0
1634128185.983,440.0,437.0
1634128186.286,444.0,437.0
1634128186.585,436.0,438.0
1634128186.884,441.0,437.0
1634128187.183,443.0,438.0
1634128187.486,441.0,438.0
1634128187.785,439.0,439.0
1634128188.084,438.0,439.0
1634128188.387,434.0,439.0
1634128188.686,436.0,439.0
1634128188.985,437.0,439.0
1634128189.288,439.0,438.0
1634128189.587,435.0,438.0
1634128189.887,437.0,438.0
1634128190.186,436.0,437.0
1634128190.489,435.0,437.0
1634128190.788,438.0,436.0
1634128191.087,436.0,436.0
1634128191.39,440.0,436.0
1634128191.689,439.0,436.0
1634128191.988,437.0,437.0
1634128192.291,442.0,437.0
1634128192.59,437.0,437.0
1634128192.889,443.0,437.0
1634128193.192,438.0,438.0
1634128193.491,442.0,438.0
1634128193.79,438.0,439.0
1634128194.089,436.0,439.0
1634128194.392,441.0,439.0
1634128194.691,435.0,439.0
1634128194.99,439.0,438.0
1634128195.293,436.0,439.0
1634128195.592,443.0,438.0
1634128195.891,437.0,439.0
1634128196.194,435.0,438.0
1634128196.493,440.0,438.0
1634128196.792,438.0,438.0
1634128197.095,438.0,438.0
1634128197.394,443.0,438.0
1634128197.693,441.0,438.0
1634128197.992,442.0,439.0
1634128198.295,442.0,439.0
1634128198.594,441.0,439.0
1634128198.893,442.0,439.0
1634128199.196,441.0,440.0
1634128199.495,435.0,440.0
1634128199.794,442.0,440.0
1634128200.097,439.0,440.0
1634128200.396,441.0,440.0
1634128200.695,441.0,440.0
1634128200.994,442.0,440.0
1634128201.297,441.0,440.0
1634128201.596,439.0,440.0
1634128201.896,440.0,440.0
1634128202.198,441.0,440.0
1634128202.498,440.0,440.0
1634128202.797,441.0,440.0
1634128203.1,440.0,440.0
1634128203.399,437.0,440.0
1634128203.698,441.0,440.0
1634128204.001,438.0,440.0
1634128204.3,437.0,439.0
1634128204.599,444.0,439.0
1634128204.898,437.0,439.0
1634128205.201,439.0,439.0
1634128205.5,442.0,439.0
1634128205.799,440.0,439.0
1634128206.102,439.0,439.0
1634128206.401,440.0,439.0
1634128206.7,440.0,439.0
1634128207.003,435.0,439.0
1634128207.302,436.0,439.0
1634128207.601,436.0,439.0
1634128207.904,438.0,438.0
1634128208.203,437.0,438.0
1634128208.502,438.0,438.0
1634128208.801,440.0,437.0
1634128209.104,435.0,437.0
1634128209.403,437.0,437.0
1634128209.702,439.0,437.0
1634128210.005,435.0,437.0
1634128210.304,438.0,437.0
1634128210.603,432.0,437.0
1634128210.906,439.0,436.0
1634128211.205,438.0,437.0
1634128211.504,435.0,437.0
1634128211.803,438.0,436.0
1634128212.106,440.0,436.0
1634128212.405,439.0,437.0
1634128212.704,437.0,437.0
1634128213.007,435.0,437.0
1634128213.306,438.0,437.0
1634128213.606,435.0,437.0
1634128213.908,437.0,437.0
1634128214.207,437.0,437.0
1634128214.507,434.0,437.0
1634128214.809,440.0,437.0
1634128215.109,436.0,437.0
1634128215.408,435.0,436.0
1634128215.707,436.0,436.0
1634128216.01,436.0,436.0
1634128216.309,430.0,436.0
1634128216.608,435.0,435.0
1634128216.911,433.0,435.0
1634128217.21,437.0,435.0
1634128217.509,435.0,435.0
1634128217.812,433.0,435.0
1634128218.111,436.0,434.0
1634128218.41,437.0,434.0
1634128218.713,437.0,434.0
1634128219.012,436.0,434.0
1634128219.311,437.0,434.0
1634128219.61,441.0,435.0
1634128219.913,438.0,436.0
1634128220.212,436.0,436.0
1634128220.511,439.0,436.0
1634128220.814,436.0,437.0
1634128221.113,440.0,437.0
1634128221.412,435.0,437.0
1634128221.715,436.0,437.0
1634128222.014,437.0,437.0
1634128222.313,434.0,437.0
1634128222.616,437.0,437.0
1634128222.915,437.0,436.0
1634128223.214,436.0,436.0
1634128223.513,437.0,436.0
1634128223.816,432.0,436.0
1634128224.115,438.0,436.0
1634128224.414,436.0,435.0
1634128224.717,434.0,436.0
1634128225.016,439.0,435.0
1634128225.315,435.0,436.0
1634128225.618,436.0,436.0
1634128225.917,435.0,436.0
1634128226.216,443.0,435.0
1634128226.516,440.0,436.0
1634128226.818,437.0,436.0
1634128227.118,437.0,437.0
1634128227.417,444.0,437.0
1634128227.719,438.0,438.0
1634128228.019,443.0,438.0
1634128228.318,436.0,438.0
1634128228.621,434.0,438.0
1634128228.92,441.0,438.0
1634128229.219,436.0,439.0
1634128229.522,435.0,438.0
1634128229.821,437.0,438.0
1634128230.12,438.0,438.0
1634128230.419,438.0,438.0
1634128230.722,441.0,437.0
1634128231.021,439.0,437.0
1634128231.32,441.0,437.0
1634128231.623,438.0,438.0
1634128231.922,438.0,438.0
1634128232.221,439.0,438.0
1634128232.524,438.0,438.0
1634128232.823,440.0,438.0
1634128233.122,437.0,439.0
1634128233.425,434.0,438.0
1634128233.724,439.0,438.0
1634128234.023,437.0,438.0
1634128234.322,438.0,438.0
1634128234.625,436.0,437.0
1634128234.924,437.0,437.0
1634128235.223,438.0,437.0
1634128235.526,441.0,437.0
1634128235.825,437.0,437.0
1634128236.124,440.0,437.0
1634128236.427,443.0,437.0
1634128236.726,443.0,438.0
1634128237.025,435.0,439.0
1634128237.324,440.0,438.0
1634128237.627,437.0,439.0
1634128237.926,439.0,439.0
1634128238.225,439.0,439.0
1634128238.528,434.0,439.0
1634128238.827,444.0,438.0
1634128239.127,439.0,439.0
1634128239.429,437.0,439.0
1634128239.728,439.0,438.0
1634128240.027,436.0,438.0
1634128240.33,430.0,438.0
1634128240.63,436.0,437.0
1634128240.929,438.0,437.0
1634128241.228,442.0,437.0
1634128241.531,440.0,437.0
1634128241.83,436.0,438.0
1634128242.129,439.0,437.0
1634128242.432,435.0,437.0
1634128242.731,437.0,437.0
1634128243.03,438.0,436.0
1634128243.333,439.0,437.0
1634128243.632,438.0,438.0
1634128243.931,440.0,438.0
1634128244.234,436.0,438.0
1634128244.533,440.0,437.0
1634128244.832,439.0,437.0
1634128245.131,438.0,438.0
1634128245.434,438.0,438.0
1634128245.733,439.0,438.0
1634128246.032,440.0,438.0
1634128246.335,437.0,438.0
1634128246.634,438.0,438.0
1634128246.933,438.0,438.0
1634128247.236,437.0,438.0
1634128247.535,439.0,438.0
1634128247.834,437.0,438.0
1634128248.137,440.0,438.0
1634128248.436,440.0,438.0
1634128248.735,433.0,438.0
1634128249.034,436.0,437.0
1634128249.337,435.0,437.0
1634128249.636,435.0,437.0
1634128249.935,439.0,437.0
1634128250.238,434.0,437.0
1634128250.537,440.0,436.0
1634128250.836,439.0,436.0
1634128251.139,439.0,437.0
1634128251.438,437.0,437.0
1634128251.737,439.0,436.0
1634128252.036,438.0,437.0
1634128252.339,438.0,437.0
1634128252.638,438.0,437.0
1634128252.938,438.0,438.0
1634128253.24,440.0,438.0
1634128253.54,435.0,438.0
1634128253.839,440.0,438.0
1634128254.141,436.0,438.0
1634128254.441,442.0,437.0
1634128254.74,435.0,438.0
1634128255.043,438.0,438.0
1634128255.342,438.0,438.0
1634128255.641,438.0,438.0
1634128255.94,440.0,438.0
1634128256.243,438.0,438.0
1634128256.542,439.0,438.0
1634128256.841,438.0,438.0
1634128257.144,435.0,438.0
1634128257.443,438.0,438.0
1634128257.742,438.0,437.0
1634128258.045,436.0,438.0
1634128258.344,438.0,437.0
1634128258.643,439.0,437.0
1634128258.946,438.0,437.0
1634128259.245,438.0,437.0
1634128259.544,439.0,437.0
1634128259.843,436.0,437.0
1634128260.146,438.0,437.0
1634128260.445,442.0,437.0
1634128260.744,438.0,438.0
1634128261.047,440.0,438.0
1634128261.346,439.0,438.0
1634128261.645,440.0,438.0
1634128261.948,439.0,438.0
1634128262.247,441.0,438.0
1634128262.546,441.0,439.0
1634128262.845,441.0,439.0
1634128263.148,439.0,439.0
1634128263.447,439.0,440.0
1634128263.746,432.0,439.0
1634128264.049,440.0,439.0
1634128264.348,438.0,439.0
1634128264.647,436.0,439.0
1634128264.95,437.0,438.0
1634128265.249,436.0,438.0
1634128265.548,438.0,437.0
1634128265.851,437.0,437.0
1634128266.151,438.0,437.0
1634128266.45,438.0,437.0
1634128266.749,434.0,437.0
1634128267.052,436.0,437.0
1634128267.351,436.0,436.0
1634128267.65,437.0,436.0
1634128267.953,438.0,436.0
1634128268.252,437.0,436.0
1634128268.551,437.0,436.0
1634128268.854,441.0,436.0
1634128269.153,434.0,437.0
1634128269.452,435.0,436.0
1634128269.755,436.0,436.0
1634128270.054,439.0,436.0
1634128270.353,437.0,437.0
1634128270.652,438.0,437.0
1634128270.955,439.0,437.0
1634128271.254,434.0,437.0
1634128271.553,439.0,437.0
1634128271.856,435.0,437.0
1634128272.155,436.0,436.0
1634128272.454,437.0,436.0
1634128272.757,437.0,437.0
1634128273.056,436.0,437.0
1634128273.355,435.0,436.0
1634128273.658,438.0,436.0
1634128273.957,432.0,436.0
1634128274.256,436.0,435.0
1634128274.555,441.0,436.0
1634128274.858,432.0,436.0
1634128275.157,437.0,436.0
1634128275.456,436.0,436.0
1634128275.759,436.0,436.0
1634128276.058,437.0,435.0
1634128276.357,437.0,436.0
1634128276.66,434.0,436.0
1634128276.959,436.0,435.0
1634128277.258,432.0,436.0
1634128277.557,435.0,435.0
1634128277.86,439.0,435.0
1634128278.159,436.0,435.0
1634128278.459,431.0,435.0
1634128278.761,437.0,435.0
1634128279.061,441.0,435.0
1634128279.36,438.0,435.0
1634128279.663,439.0,435.0
1634128279.962,441.0,436.0
1634128280.261,433.0,436.0
1634128280.564,433.0,437.0
1634128280.863,438.0,436.0
1634128281.162,434.0,436.0
1634128281.461,439.0,436.0
1634128281.764,433.0,437.0
1634128282.063,439.0,436.0
1634128282.362,441.0,436.0
1634128282.665,433.0,437.0
1634128282.964,442.0,436.0
1634128283.263,436.0,436.0
1634128283.566,434.0,436.0
1634128283.865,438.0,436.0
1634128284.164,438.0,436.0
1634128284.467,434.0,437.0
1634128284.766,435.0,436.0
1634128285.065,437.0,437.0
1634128285.364,434.0,436.0
1634128285.667,436.0,436.0
1634128285.966,437.0,436.0
1634128286.265,437.0,435.0
1634128286.568,434.0,436.0
1634128286.867,436.0,436.0
1634128287.166,430.0,435.0
1634128287.469,435.0,435.0
1634128287.768,435.0,435.0
1634128288.067,435.0,435.0
1634128288.366,442.0,434.0
1634128288.669,436.0,435.0
1634128288.968,437.0,435.0
1634128289.267,436.0,435.0
1634128289.57,439.0,435.0
1634128289.869,436.0,436.0
1634128290.169,434.0,436.0
1634128290.471,439.0,436.0
1634128290.77,434.0,436.0
1634128291.07,437.0,436.0
1634128291.372,434.0,437.0
1634128291.672,436.0,436.0
1634128291.971,440.0,436.0
1634128292.27,435.0,436.0
1634128292.573,433.0,436.0
1634128292.872,435.0,435.0
1634128293.171,437.0,435.0
1634128293.474,433.0,436.0
1634128293.773,438.0,435.0
1634128294.072,432.0,435.0
1634128294.375,434.0,435.0
1634128294.674,438.0,435.0
1634128294.973,436.0,435.0
1634128295.276,435.0,435.0
1634128295.575,436.0,435.0
1634128295.874,439.0,435.0
1634128296.173,438.0,435.0
1634128296.476,435.0,435.0
1634128296.775,438.0,436.0
1634128297.074,433.0,436.0
1634128297.377,436.0,436.0
1634128297.676,436.0,436.0
1634128297.975,433.0,436.0
1634128298.278,437.0,435.0
1634128298.577,437.0,436.0
1634128298.876,436.0,436.0
1634128299.179,434.0,435.0
1634128299.478,436.0,435.0
1634128299.777,440.0,435.0
1634128300.076,433.0,435.0
1634128300.379,437.0,435.0
1634128300.678,435.0,435.0
1634128300.977,436.0,435.0
1634128301.28,441.0,436.0
1634128301.579,435.0,436.0
1634128301.878,435.0,436.0
1634128302.181,437.0,436.0
1634128302.48,440.0,436.0
1634128302.779,439.0,436.0
1634128303.079,435.0,436.0
1634128303.381,433.0,437.0
1634128303.681,438.0,436.0
1634128303.98,437.0,436.0
1634128304.282,434.0,437.0
1634128304.582,437.0,436.0
1634128304.881,433.0,436.0
1634128305.184,434.0,436.0
1634128305.483,438.0,436.0
1634128305.782,440.0,435.0
1634128306.085,441.0,435.0
1634128306.384,436.0,436.0
1634128306.683,438.0,436.0
1634128306.982,434.0,436.0
1634128307.285,436.0,436.0
1634128307.584,430.0,436.0
1634128307.883,435.0,436.0
1634128308.186,440.0,436.0
