1632294518.183,1.404,1.409
1632294518.191,1.404,1.409
1632294519.321,1.362,4.74
1632294519.621,1.368,1.346
1632294519.919,1.372,1.348
1632294520.223,1.376,1.352
1632294520.522,1.38,1.356
1632294520.821,1.382,1.358
1632294521.12,1.384,1.362
1632294521.419,1.386,1.366
1632294521.722,1.388,1.37
1632294522.021,1.39,1.376
1632294522.32,1.392,1.38
1632294522.619,1.392,1.382
1632294522.922,1.394,1.386
1632294523.221,1.394,1.388
1632294523.52,1.396,1.39
1632294523.819,1.398,1.39
1632294524.118,1.4,1.392
1632294524.421,1.402,1.394
1632294524.749,1.402,1.396
1632294525.019,1.402,1.396
1632294525.318,1.404,1.398
1632294525.634,1.404,1.4
1632294525.921,1.404,1.4
1632294526.22,1.404,1.402
1632294526.519,1.402,1.402
1632294526.846,1.402,1.404
1632294527.117,1.402,1.404
1632294527.42,1.4,1.404
1632294527.731,1.4,1.404
1632294528.018,1.4,1.404
1632294528.317,1.4,1.404
1632294528.62,1.4,1.402
1632294528.948,1.4,1.402
1632294529.218,1.402,1.402
1632294529.517,1.404,1.402
1632294529.828,1.406,1.402
1632294530.119,1.406,1.402
1632294530.418,1.407,1.402
1632294530.717,1.407,1.404
1632294531.045,1.409,1.404
1632294531.316,1.409,1.406
1632294531.619,1.409,1.406
1632294531.926,1.409,1.407
1632294532.217,1.411,1.407
1632294532.516,1.409,1.409
1632294532.815,1.409,1.409
1632294533.142,1.409,1.409
1632294533.417,1.409,1.409
1632294533.716,1.409,1.409
1632294534.027,1.409,1.411
1632294534.318,1.409,1.411
1632294534.617,1.409,1.411
1632294534.916,1.409,1.411
1632294535.244,1.409,1.411
1632294535.514,1.409,1.409
1632294535.817,1.411,1.409
1632294536.124,1.413,1.411
1632294536.415,1.413,1.411
1632294536.714,1.411,1.411
1632294537.013,1.411,1.411
1632294537.341,1.413,1.411
1632294537.615,1.413,1.411
1632294537.914,1.413,1.413
1632294538.226,1.415,1.413
1632294538.513,1.415,1.413
1632294538.816,1.413,1.413
1632294539.115,1.411,1.413
1632294539.442,1.411,1.413
1632294539.713,1.411,1.413
1632294540.012,1.411,1.413
1632294540.323,1.411,1.413
1632294540.614,1.411,1.413
1632294540.913,1.411,1.413
1632294541.212,1.411,1.413
1632294541.54,1.411,1.413
1632294541.814,1.411,1.413
1632294542.113,1.413,1.411
1632294542.424,1.413,1.413
1632294542.711,1.415,1.413
1632294543.015,1.415,1.413
1632294543.313,1.415,1.413
1632294543.641,1.415,1.413
1632294543.912,1.415,1.413
1632294544.211,1.415,1.415
1632294544.522,1.415,1.415
1632294544.813,1.415,1.415
1632294545.112,1.413,1.415
1632294545.411,1.413,1.415
1632294545.738,1.411,1.415
1632294546.013,1.411,1.415
1632294546.312,1.411,1.415
1632294546.623,1.411,1.415
1632294546.91,1.411,1.413
1632294547.213,1.411,1.413
1632294547.512,1.411,1.413
1632294547.84,1.413,1.413
1632294548.11,1.413,1.413
1632294548.409,1.413,1.413
1632294548.721,1.415,1.413
1632294549.011,1.415,1.413
1632294549.31,1.415,1.413
1632294549.609,1.417,1.413
1632294549.937,1.417,1.415
1632294550.212,1.417,1.415
1632294550.511,1.415,1.415
1632294550.822,1.415,1.415
1632294551.109,1.415,1.417
1632294551.408,1.413,1.417
1632294551.711,1.413,1.417
1632294552.038,1.413,1.417
1632294552.309,1.413,1.415
1632294552.608,1.413,1.415
1632294552.919,1.413,1.415
1632294553.21,1.413,1.415
1632294553.509,1.413,1.415
1632294553.808,1.413,1.415
1632294554.136,1.415,1.415
1632294554.41,1.415,1.415
1632294554.709,1.417,1.415
1632294555.008,1.417,1.415
1632294555.307,1.419,1.415
1632294555.607,1.417,1.415
1632294555.91,1.417,1.417
1632294556.208,1.417,1.417
1632294556.508,1.417,1.417
1632294556.807,1.415,1.417
1632294557.106,1.415,1.417
1632294557.409,1.415,1.417
1632294557.708,1.413,1.417
1632294558.007,1.413,1.417
1632294558.306,1.413,1.417
1632294558.605,1.413,1.417
1632294558.908,1.411,1.415
1632294559.207,1.411,1.415
1632294559.531,1.411,1.415
1632294559.805,1.411,1.413
1632294560.108,1.413,1.413
1632294560.411,1.413,1.413
1632294560.706,1.415,1.413
1632294561.005,1.415,1.413
1632294561.304,1.415,1.413
1632294561.628,1.415,1.413
1632294561.906,1.417,1.413
1632294562.205,1.417,1.415
1632294562.513,1.417,1.415
1632294562.804,1.415,1.415
1632294563.107,1.415,1.417
1632294563.406,1.415,1.417
1632294563.725,1.415,1.417
1632294564.004,1.413,1.417
1632294564.303,1.413,1.417
1632294564.61,1.413,1.417
1632294564.905,1.413,1.415
1632294565.204,1.413,1.415
1632294565.503,1.413,1.415
1632294565.827,1.411,1.415
1632294566.105,1.411,1.415
1632294566.404,1.413,1.413
1632294566.707,1.413,1.413
1632294567.002,1.413,1.413
1632294567.305,1.415,1.413
1632294567.604,1.415,1.413
1632294567.924,1.417,1.413
1632294568.202,1.417,1.415
1632294568.501,1.417,1.415
1632294568.805,1.417,1.415
1632294569.104,1.417,1.415
1632294569.403,1.417,1.417
1632294569.702,1.417,1.417
1632294570.021,1.417,1.417
1632294570.304,1.417,1.417
1632294570.603,1.415,1.417
1632294570.906,1.415,1.417
1632294571.201,1.415,1.417
1632294571.5,1.415,1.417
1632294571.803,1.413,1.417
1632294572.123,1.413,1.417
1632294572.401,1.413,1.417
1632294572.7,1.409,1.415
1632294573.007,1.409,1.415
1632294573.303,1.409,1.415
1632294573.601,1.409,1.413
1632294573.9,1.411,1.413
1632294574.22,1.413,1.413
1632294574.503,1.413,1.413
1632294574.802,1.411,1.413
1632294575.105,1.411,1.411
1632294575.4,1.409,1.411
1632294575.699,1.409,1.411
1632294576.002,1.409,1.411
1632294576.321,1.409,1.411
1632294576.6,1.409,1.411
1632294576.899,1.409,1.411
1632294577.206,1.409,1.411
1632294577.501,1.409,1.411
1632294577.8,1.407,1.411
1632294578.099,1.406,1.409
1632294578.419,1.406,1.409
1632294578.701,1.404,1.409
1632294579.0,1.404,1.409
1632294579.303,1.404,1.407
1632294579.599,1.404,1.407
1632294579.898,1.402,1.407
1632294580.2,1.402,1.406
1632294580.52,1.402,1.406
1632294580.799,1.402,1.406
1632294581.098,1.404,1.404
1632294581.405,1.406,1.404
1632294581.7,1.402,1.404
1632294581.999,1.406,1.404
1632294582.298,1.407,1.404
1632294582.617,1.407,1.404
1632294582.896,1.407,1.406
1632294583.199,1.407,1.406
1632294583.502,1.411,1.406
1632294583.797,1.413,1.407
1632294584.096,1.413,1.407
1632294584.399,1.413,1.409
1632294584.719,1.411,1.409
1632294584.997,1.411,1.411
1632294585.296,1.411,1.411
1632294585.603,1.411,1.411
1632294585.898,1.409,1.411
1632294586.198,1.409,1.411
1632294586.496,1.407,1.413
1632294586.816,1.407,1.411
1632294587.095,1.407,1.411
1632294587.398,1.407,1.411
1632294587.701,1.407,1.409
1632294587.996,1.407,1.409
1632294588.295,1.407,1.409
1632294588.594,1.409,1.409
1632294588.917,1.409,1.409
1632294589.196,1.411,1.409
1632294589.495,1.411,1.409
1632294589.794,1.413,1.409
1632294590.093,1.413,1.409
1632294590.396,1.413,1.411
1632294590.695,1.415,1.411
1632294590.994,1.415,1.411
1632294591.293,1.415,1.413
1632294591.596,1.413,1.413
1632294591.895,1.413,1.413
1632294592.194,1.411,1.415
1632294592.494,1.411,1.415
1632294592.792,1.411,1.415
1632294593.096,1.411,1.413
1632294593.395,1.409,1.413
1632294593.694,1.409,1.413
1632294593.993,1.409,1.413
1632294594.292,1.409,1.413
1632294594.595,1.407,1.411
1632294594.894,1.407,1.411
1632294595.193,1.407,1.411
1632294595.525,1.409,1.409
1632294595.791,1.409,1.409
1632294596.094,1.411,1.409
1632294596.406,1.411,1.409
1632294596.692,1.411,1.409
1632294596.991,1.413,1.409
1632294597.294,1.413,1.411
1632294597.622,1.415,1.411
1632294597.892,1.415,1.411
1632294598.191,1.415,1.413
1632294598.507,1.415,1.413
1632294598.794,1.415,1.413
1632294599.093,1.415,1.415
1632294599.392,1.413,1.415
1632294599.72,1.413,1.415
1632294599.99,1.413,1.415
1632294600.293,1.411,1.415
1632294600.604,1.411,1.415
1632294600.891,1.411,1.415
1632294601.19,1.409,1.415
1632294601.489,1.409,1.413
1632294601.817,1.409,1.413
1632294602.091,1.409,1.413
1632294602.39,1.409,1.411
1632294602.701,1.407,1.411
1632294602.992,1.409,1.411
1632294603.291,1.407,1.411
1632294603.59,1.407,1.409
1632294603.918,1.407,1.409
1632294604.188,1.407,1.409
1632294604.491,1.407,1.409
1632294604.803,1.407,1.409
1632294605.09,1.409,1.409
1632294605.389,1.407,1.409
1632294605.688,1.409,1.409
1632294606.015,1.409,1.409
1632294606.29,1.409,1.409
1632294606.589,1.407,1.409
1632294606.9,1.407,1.409
1632294607.187,1.409,1.409
1632294607.49,1.407,1.409
1632294607.789,1.407,1.409
1632294608.117,1.407,1.409
1632294608.387,1.406,1.409
1632294608.686,1.406,1.409
1632294609.001,1.406,1.409
1632294609.288,1.407,1.407
1632294609.587,1.406,1.407
1632294609.886,1.406,1.407
1632294610.214,1.406,1.407
1632294610.488,1.407,1.407
1632294610.788,1.407,1.407
1632294611.099,1.407,1.407
1632294611.386,1.411,1.407
1632294611.689,1.409,1.407
1632294611.988,1.411,1.407
1632294612.315,1.411,1.409
1632294612.586,1.411,1.409
1632294612.885,1.413,1.409
1632294613.2,1.413,1.411
1632294613.487,1.415,1.411
1632294613.786,1.413,1.411
1632294614.085,1.413,1.413
1632294614.413,1.411,1.413
1632294614.687,1.409,1.413
1632294614.986,1.409,1.413
1632294615.298,1.407,1.413
1632294615.584,1.407,1.413
1632294615.887,1.406,1.411
1632294616.186,1.406,1.411
1632294616.514,1.404,1.411
1632294616.784,1.404,1.409
1632294617.084,1.404,1.409
1632294617.399,1.402,1.407
1632294617.686,1.404,1.407
1632294617.985,1.404,1.406
1632294618.284,1.404,1.406
1632294618.612,1.404,1.406
1632294618.886,1.406,1.406
1632294619.185,1.406,1.406
1632294619.496,1.406,1.406
1632294619.783,1.407,1.406
1632294620.082,1.407,1.406
1632294620.385,1.407,1.406
1632294620.713,1.409,1.406
1632294620.983,1.409,1.407
1632294621.282,1.409,1.407
1632294621.598,1.409,1.407
1632294621.884,1.411,1.409
1632294622.183,1.409,1.409
1632294622.482,1.409,1.409
1632294622.814,1.409,1.409
1632294623.084,1.409,1.409
1632294623.384,1.409,1.409
1632294623.695,1.409,1.411
1632294623.982,1.409,1.411
1632294624.281,1.407,1.411
1632294624.584,1.407,1.409
1632294624.883,1.407,1.409
1632294625.182,1.407,1.409
1632294625.481,1.407,1.409
1632294625.78,1.407,1.409
1632294626.083,1.409,1.409
1632294626.382,1.409,1.409
1632294626.681,1.411,1.409
1632294626.98,1.411,1.409
1632294627.279,1.411,1.409
1632294627.582,1.411,1.409
1632294627.882,1.413,1.409
1632294628.181,1.413,1.411
1632294628.48,1.413,1.411
1632294628.783,1.413,1.411
1632294629.082,1.411,1.413
1632294629.381,1.411,1.413
1632294629.68,1.409,1.413
1632294629.979,1.409,1.413
1632294630.302,1.407,1.413
1632294630.581,1.407,1.411
1632294630.88,1.406,1.411
1632294631.187,1.406,1.411
1632294631.478,1.406,1.409
1632294631.781,1.406,1.409
1632294632.08,1.404,1.409
1632294632.404,1.404,1.407
1632294632.678,1.404,1.407
1632294632.977,1.404,1.407
1632294633.284,1.406,1.406
1632294633.579,1.402,1.406
1632294633.878,1.406,1.406
1632294634.177,1.407,1.406
1632294634.501,1.407,1.406
1632294634.78,1.409,1.406
1632294635.079,1.409,1.406
1632294635.386,1.409,1.407
1632294635.677,1.409,1.407
1632294635.98,1.407,1.407
1632294636.279,1.407,1.407
1632294636.598,1.407,1.407
1632294636.877,1.407,1.409
1632294637.176,1.407,1.409
1632294637.483,1.407,1.409
1632294637.778,1.409,1.409
1632294638.077,1.407,1.409
1632294638.376,1.407,1.409
1632294638.7,1.407,1.409
1632294638.978,1.407,1.409
1632294639.277,1.407,1.409
1632294639.58,1.407,1.409
1632294639.875,1.407,1.409
1632294640.178,1.407,1.409
1632294640.477,1.407,1.409
1632294640.797,1.407,1.409
1632294641.076,1.407,1.407
1632294641.374,1.407,1.407
1632294641.682,1.407,1.407
1632294641.977,1.407,1.407
1632294642.276,1.407,1.407
1632294642.575,1.407,1.407
1632294642.898,1.409,1.407
1632294643.177,1.409,1.409
1632294643.476,1.411,1.409
1632294643.779,1.411,1.409
1632294644.074,1.413,1.409
1632294644.373,1.413,1.409
1632294644.676,1.413,1.411
1632294644.996,1.413,1.411
1632294645.274,1.413,1.411
1632294645.573,1.413,1.413
1632294645.88,1.413,1.413
1632294646.175,1.413,1.413
1632294646.475,1.413,1.413
1632294646.774,1.413,1.413
1632294647.097,1.413,1.413
1632294647.376,1.411,1.413
1632294647.675,1.411,1.413
1632294647.978,1.411,1.413
1632294648.273,1.411,1.413
1632294648.572,1.411,1.413
1632294648.875,1.411,1.413
1632294649.194,1.411,1.413
1632294649.473,1.411,1.413
1632294649.772,1.411,1.413
1632294650.079,1.411,1.413
1632294650.374,1.409,1.411
1632294650.673,1.411,1.411
1632294650.972,1.411,1.411
1632294651.296,1.413,1.411
1632294651.57,1.413,1.411
1632294651.873,1.415,1.413
1632294652.176,1.415,1.413
1632294652.471,1.417,1.413
1632294652.77,1.419,1.413
1632294653.073,1.417,1.415
1632294653.393,1.417,1.415
1632294653.672,1.417,1.415
1632294653.971,1.417,1.417
1632294654.278,1.417,1.417
1632294654.573,1.417,1.417
1632294654.872,1.417,1.417
1632294655.171,1.417,1.417
1632294655.494,1.417,1.419
1632294655.769,1.415,1.419
1632294656.072,1.415,1.417
1632294656.375,1.413,1.417
1632294656.67,1.413,1.417
1632294656.969,1.413,1.417
1632294657.268,1.413,1.417
1632294657.592,1.413,1.415
1632294657.87,1.411,1.415
1632294658.169,1.411,1.415
1632294658.477,1.411,1.415
1632294658.772,1.411,1.413
1632294659.071,1.411,1.413
1632294659.369,1.411,1.413
1632294659.669,1.413,1.413
1632294659.968,1.413,1.413
1632294660.271,1.413,1.413
1632294660.57,1.413,1.413
1632294660.869,1.415,1.413
1632294661.168,1.415,1.413
1632294661.467,1.415,1.413
1632294661.77,1.415,1.413
1632294662.069,1.417,1.415
1632294662.368,1.415,1.415
1632294662.667,1.415,1.415
1632294662.966,1.417,1.415
1632294663.269,1.417,1.415
1632294663.568,1.417,1.417
1632294663.867,1.417,1.417
1632294664.166,1.417,1.417
1632294664.466,1.415,1.417
1632294664.769,1.415,1.417
1632294665.084,1.413,1.417
1632294665.366,1.413,1.417
1632294665.666,1.413,1.417
1632294665.969,1.413,1.417
1632294666.296,1.411,1.415
1632294666.567,1.411,1.415
1632294666.866,1.411,1.415
1632294667.181,1.409,1.415
1632294667.468,1.409,1.413
1632294667.767,1.409,1.413
1632294668.066,1.409,1.413
1632294668.398,1.409,1.411
1632294668.664,1.409,1.411
1632294668.967,1.409,1.411
1632294669.278,1.411,1.411
1632294669.565,1.411,1.411
1632294669.864,1.411,1.411
1632294670.163,1.411,1.411
1632294670.495,1.411,1.411
1632294670.766,1.413,1.411
1632294671.065,1.413,1.411
1632294671.376,1.413,1.411
1632294671.667,1.415,1.413
1632294671.966,1.415,1.413
1632294672.265,1.415,1.413
1632294672.592,1.415,1.413
1632294672.863,1.415,1.415
1632294673.166,1.415,1.415
1632294673.477,1.413,1.415
1632294673.764,1.413,1.415
1632294674.063,1.413,1.415
1632294674.362,1.411,1.415
1632294674.694,1.411,1.415
1632294674.964,1.411,1.415
1632294675.263,1.411,1.415
1632294675.575,1.411,1.413
1632294675.861,1.411,1.413
1632294676.164,1.411,1.413
1632294676.463,1.411,1.413
1632294676.791,1.411,1.413
1632294677.061,1.411,1.413
1632294677.364,1.413,1.411
1632294677.676,1.413,1.413
1632294677.963,1.415,1.413
1632294678.262,1.415,1.413
1632294678.561,1.415,1.413
1632294678.892,1.415,1.413
1632294679.163,1.415,1.413
1632294679.462,1.415,1.415
1632294679.773,1.417,1.415
1632294680.06,1.417,1.415
1632294680.363,1.417,1.415
1632294680.662,1.417,1.417
1632294680.99,1.417,1.417
1632294681.26,1.417,1.417
1632294681.559,1.417,1.417
1632294681.875,1.417,1.417
1632294682.161,1.417,1.417
1632294682.461,1.415,1.417
1632294682.759,1.415,1.417
1632294683.091,1.415,1.417
1632294683.362,1.415,1.417
1632294683.661,1.415,1.417
1632294683.972,1.415,1.417
1632294684.259,1.415,1.417
1632294684.562,1.413,1.417
1632294684.861,1.413,1.417
1632294685.188,1.413,1.415
1632294685.459,1.413,1.415
1632294685.758,1.413,1.415
1632294686.073,1.413,1.415
1632294686.36,1.415,1.415
1632294686.659,1.413,1.415
1632294686.958,1.415,1.415
1632294687.29,1.415,1.415
1632294687.56,1.415,1.415
1632294687.859,1.415,1.415
1632294688.171,1.415,1.415
1632294688.458,1.417,1.415
1632294688.757,1.417,1.415
1632294689.059,1.417,1.415
1632294689.387,1.417,1.417
1632294689.658,1.417,1.417
1632294689.957,1.417,1.417
1632294690.272,1.417,1.417
1632294690.559,1.417,1.417
1632294690.858,1.417,1.417
1632294691.157,1.415,1.417
1632294691.488,1.415,1.417
1632294691.759,1.415,1.417
1632294692.058,1.415,1.417
1632294692.369,1.413,1.417
1632294692.656,1.413,1.417
1632294692.955,1.413,1.417
1632294693.258,1.413,1.415
1632294693.586,1.411,1.415
1632294693.856,1.411,1.415
1632294694.156,1.411,1.415
1632294694.471,1.413,1.413
1632294694.757,1.413,1.413
1632294695.056,1.413,1.413
1632294695.356,1.413,1.413
1632294695.655,1.413,1.413
1632294695.958,1.415,1.413
1632294696.257,1.415,1.413
1632294696.556,1.415,1.413
1632294696.855,1.415,1.415
1632294697.154,1.415,1.415
1632294697.457,1.417,1.415
1632294697.756,1.417,1.415
1632294698.055,1.417,1.415
1632294698.354,1.417,1.417
1632294698.653,1.417,1.417
1632294698.956,1.417,1.417
1632294699.255,1.417,1.417
1632294699.554,1.417,1.417
1632294699.861,1.415,1.417
1632294700.152,1.409,1.417
1632294700.455,1.415,1.417
1632294700.754,1.413,1.417
1632294701.078,1.413,1.417
1632294701.353,1.413,1.415
1632294701.656,1.413,1.415
1632294701.963,1.411,1.415
1632294702.254,1.407,1.415
1632294702.553,1.411,1.413
1632294702.852,1.411,1.413
1632294703.175,1.411,1.413
1632294703.454,1.411,1.413
1632294703.753,1.411,1.413
1632294704.06,1.413,1.413
1632294704.351,1.413,1.413
1632294704.654,1.413,1.413
1632294704.953,1.413,1.413
1632294705.273,1.415,1.413
1632294705.551,1.415,1.413
1632294705.85,1.415,1.413
1632294706.157,1.417,1.413
1632294706.452,1.417,1.415
1632294706.752,1.417,1.415
1632294707.05,1.417,1.415
1632294707.374,1.417,1.417
1632294707.652,1.417,1.417
1632294707.952,1.417,1.417
1632294708.255,1.417,1.417
1632294708.55,1.415,1.417
1632294708.853,1.415,1.417
1632294709.152,1.415,1.417
1632294709.471,1.415,1.417
1632294709.75,1.415,1.417
1632294710.049,1.413,1.417
1632294710.356,1.413,1.417
1632294710.651,1.413,1.417
1632294710.95,1.413,1.415
1632294711.249,1.413,1.415
1632294711.573,1.413,1.415
1632294711.851,1.413,1.415
1632294712.15,1.413,1.415
1632294712.457,1.413,1.415
1632294712.748,1.413,1.415
1632294713.048,1.413,1.413
1632294713.35,1.415,1.413
1632294713.67,1.415,1.415
1632294713.949,1.415,1.415
1632294714.248,1.415,1.415
1632294714.555,1.417,1.415
1632294714.85,1.417,1.415
1632294715.149,1.417,1.415
1632294715.448,1.417,1.415
1632294715.771,1.417,1.417
1632294716.05,1.417,1.417
1632294716.349,1.417,1.417
1632294716.656,1.417,1.417
1632294716.947,1.417,1.417
1632294717.246,1.417,1.417
1632294717.549,1.417,1.417
1632294717.869,1.415,1.417
1632294718.147,1.415,1.417
1632294718.446,1.415,1.417
1632294718.753,1.415,1.417
1632294719.049,1.413,1.417
1632294719.348,1.413,1.417
1632294719.646,1.413,1.417
1632294719.97,1.413,1.415
1632294720.249,1.413,1.415
1632294720.548,1.411,1.415
1632294720.855,1.411,1.415
1632294721.146,1.407,1.415
1632294721.445,1.413,1.413
1632294721.748,1.413,1.413
1632294722.067,1.413,1.413
1632294722.346,1.415,1.413
1632294722.645,1.415,1.413
1632294722.952,1.415,1.413
1632294723.247,1.415,1.413
1632294723.546,1.415,1.413
1632294723.845,1.415,1.415
1632294724.169,1.417,1.415
1632294724.443,1.417,1.415
1632294724.746,1.417,1.415
1632294725.053,1.417,1.417
1632294725.345,1.417,1.417
1632294725.644,1.417,1.417
1632294725.942,1.417,1.417
1632294726.266,1.415,1.417
1632294726.545,1.415,1.417
1632294726.844,1.415,1.417
1632294727.151,1.415,1.417
1632294727.446,1.415,1.417
1632294727.745,1.413,1.417
1632294728.044,1.413,1.417
1632294728.368,1.413,1.417
1632294728.642,1.413,1.415
1632294728.945,1.411,1.415
1632294729.252,1.411,1.415
1632294729.543,1.413,1.415
1632294729.842,1.413,1.415
1632294730.141,1.413,1.413
1632294730.444,1.413,1.413
1632294730.744,1.413,1.413
1632294731.042,1.413,1.413
1632294731.342,1.415,1.413
1632294731.641,1.415,1.413
1632294731.944,1.415,1.413
1632294732.243,1.415,1.415
1632294732.542,1.415,1.415
1632294732.841,1.417,1.415
1632294733.144,1.417,1.415
1632294733.443,1.417,1.415
1632294733.742,1.417,1.417
1632294734.041,1.417,1.417
1632294734.34,1.417,1.417
1632294734.643,1.417,1.417
1632294734.975,1.417,1.417
1632294735.241,1.415,1.417
1632294735.54,1.415,1.417
1632294735.856,1.415,1.417
1632294736.142,1.415,1.417
1632294736.441,1.413,1.417
1632294736.74,1.413,1.417
1632294737.072,1.413,1.417
1632294737.339,1.413,1.415
1632294737.642,1.411,1.415
1632294737.957,1.411,1.415
1632294738.24,1.411,1.415
1632294738.539,1.411,1.413
1632294738.842,1.411,1.413
1632294739.169,1.411,1.413
1632294739.44,1.411,1.413
1632294739.739,1.411,1.413
1632294740.054,1.413,1.413
1632294740.341,1.413,1.413
1632294740.64,1.413,1.413
1632294740.939,1.415,1.413
1632294741.267,1.415,1.413
1632294741.537,1.415,1.413
1632294741.84,1.415,1.413
1632294742.152,1.417,1.415
1632294742.438,1.417,1.415
1632294742.737,1.417,1.415
1632294743.036,1.417,1.415
1632294743.368,1.417,1.417
1632294743.638,1.417,1.417
1632294743.937,1.417,1.417
1632294744.249,1.417,1.417
1632294744.536,1.417,1.417
1632294744.839,1.417,1.417
1632294745.138,1.415,1.417
1632294745.466,1.415,1.417
1632294745.736,1.415,1.417
1632294746.039,1.415,1.417
1632294746.35,1.413,1.417
1632294746.637,1.415,1.417
1632294746.936,1.413,1.417
1632294747.235,1.413,1.417
1632294747.567,1.411,1.415
1632294747.837,1.411,1.415
1632294748.136,1.411,1.415
1632294748.448,1.411,1.415
1632294748.734,1.411,1.413
1632294749.037,1.411,1.413
1632294749.336,1.411,1.413
1632294749.664,1.413,1.413
1632294749.935,1.413,1.413
1632294750.234,1.413,1.413
1632294750.549,1.415,1.413
1632294750.836,1.415,1.413
1632294751.135,1.415,1.413
1632294751.434,1.415,1.413
1632294751.765,1.415,1.415
1632294752.036,1.415,1.415
1632294752.335,1.417,1.415
1632294752.65,1.417,1.415
1632294752.933,1.417,1.415
1632294753.236,1.417,1.417
1632294753.535,1.417,1.417
1632294753.863,1.417,1.417
1632294754.133,1.417,1.417
1632294754.432,1.417,1.417
1632294754.748,1.417,1.417
1632294755.035,1.415,1.417
1632294755.334,1.415,1.417
1632294755.632,1.415,1.417
1632294755.964,1.415,1.417
1632294756.235,1.415,1.417
1632294756.534,1.413,1.417
1632294756.849,1.413,1.417
1632294757.132,1.413,1.417
1632294757.435,1.413,1.415
1632294757.734,1.413,1.415
1632294758.062,1.413,1.415
1632294758.332,1.413,1.415
1632294758.631,1.411,1.415
1632294758.946,1.411,1.415
1632294759.233,1.411,1.413
1632294759.532,1.411,1.413
1632294759.831,1.413,1.413
1632294760.163,1.413,1.413
1632294760.433,1.413,1.413
1632294760.732,1.415,1.413
1632294761.044,1.415,1.413
1632294761.331,1.415,1.413
1632294761.63,1.415,1.413
1632294761.932,1.415,1.415
1632294762.26,1.415,1.415
1632294762.531,1.417,1.415
1632294762.83,1.417,1.415
1632294763.145,1.417,1.415
1632294763.432,1.417,1.417
1632294763.731,1.417,1.417
1632294764.03,1.417,1.417
1632294764.362,1.417,1.417
1632294764.632,1.417,1.417
1632294764.931,1.417,1.417
1632294765.23,1.417,1.417
1632294765.529,1.417,1.417
1632294765.828,1.415,1.417
1632294766.131,1.415,1.417
1632294766.43,1.415,1.417
1632294766.729,1.415,1.417
1632294767.028,1.413,1.417
1632294767.327,1.413,1.417
1632294767.631,1.413,1.417
1632294767.93,1.413,1.415
1632294768.229,1.413,1.415
1632294768.528,1.411,1.415
1632294768.827,1.413,1.415
1632294769.13,1.411,1.415
1632294769.429,1.411,1.413
1632294769.752,1.411,1.413
1632294770.027,1.411,1.413
1632294770.33,1.411,1.413
1632294770.637,1.413,1.413
1632294770.928,1.413,1.413
1632294771.227,1.413,1.413
1632294771.526,1.413,1.413
1632294771.85,1.415,1.413
1632294772.128,1.415,1.413
1632294772.427,1.415,1.413
1632294772.734,1.415,1.413
1632294773.025,1.415,1.415
1632294773.328,1.415,1.415
1632294773.627,1.417,1.415
1632294773.951,1.417,1.415
1632294774.226,1.417,1.415
1632294774.525,1.417,1.417
1632294774.832,1.417,1.417
1632294775.127,1.419,1.417
1632294775.426,1.417,1.417
1632294775.725,1.417,1.417
1632294776.048,1.417,1.417
1632294776.327,1.417,1.417
1632294776.626,1.417,1.419
1632294776.933,1.415,1.419
1632294777.224,1.415,1.417
1632294777.527,1.415,1.417
1632294777.826,1.413,1.417
1632294778.146,1.413,1.417
1632294778.424,1.413,1.417
1632294778.723,1.413,1.417
1632294779.03,1.413,1.415
1632294779.326,1.411,1.415
1632294779.624,1.411,1.415
1632294779.923,1.411,1.415
1632294780.247,1.411,1.413
1632294780.526,1.411,1.413
1632294780.825,1.411,1.413
1632294781.132,1.411,1.413
1632294781.423,1.411,1.413
1632294781.722,1.413,1.413
1632294782.025,1.413,1.413
1632294782.344,1.413,1.413
1632294782.623,1.415,1.413
1632294782.922,1.415,1.413
1632294783.229,1.415,1.413
1632294783.524,1.415,1.413
1632294783.823,1.415,1.415
1632294784.122,1.415,1.415
1632294784.446,1.417,1.415
1632294784.724,1.417,1.415
1632294785.023,1.417,1.415
1632294785.33,1.417,1.417
1632294785.622,1.417,1.417
1632294785.921,1.417,1.417
1632294786.224,1.417,1.417
1632294786.543,1.417,1.417
1632294786.822,1.415,1.417
1632294787.121,1.415,1.417
1632294787.428,1.415,1.417
1632294787.723,1.409,1.417
1632294788.022,1.413,1.417
1632294788.321,1.413,1.417
1632294788.644,1.413,1.415
1632294788.923,1.413,1.415
1632294789.222,1.413,1.415
1632294789.529,1.411,1.415
1632294789.82,1.411,1.413
1632294790.119,1.411,1.413
1632294790.422,1.411,1.413
1632294790.742,1.411,1.413
1632294791.02,1.411,1.413
1632294791.319,1.413,1.413
1632294791.627,1.413,1.413
1632294791.922,1.409,1.413
1632294792.221,1.415,1.413
1632294792.52,1.415,1.413
1632294792.843,1.415,1.413
1632294793.118,1.415,1.413
1632294793.421,1.417,1.413
1632294793.728,1.417,1.415
1632294794.019,1.417,1.415
1632294794.318,1.417,1.415
1632294794.621,1.417,1.415
1632294794.941,1.417,1.417
1632294795.219,1.417,1.417
1632294795.518,1.417,1.417
1632294795.825,1.417,1.417
1632294796.12,1.417,1.417
1632294796.419,1.415,1.417
1632294796.718,1.415,1.417
1632294797.042,1.415,1.417
1632294797.316,1.415,1.417
1632294797.619,1.415,1.417
1632294797.927,1.415,1.417
1632294798.218,1.415,1.417
1632294798.517,1.413,1.417
1632294798.816,1.413,1.417
1632294799.139,1.413,1.415
1632294799.418,1.413,1.415
1632294799.717,1.413,1.415
1632294800.016,1.413,1.415
1632294800.315,1.413,1.415
1632294800.618,1.413,1.415
1632294800.917,1.413,1.415
1632294801.216,1.413,1.415
1632294801.515,1.415,1.413
1632294801.818,1.415,1.415
1632294802.117,1.415,1.415
1632294802.416,1.413,1.415
1632294802.715,1.413,1.415
1632294803.014,1.413,1.415
1632294803.317,1.415,1.415
1632294803.616,1.411,1.415
1632294803.915,1.415,1.415
1632294804.214,1.415,1.415
1632294804.534,1.415,1.415
1632294804.817,1.415,1.415
1632294805.116,1.415,1.415
1632294805.415,1.415,1.415
1632294805.746,1.415,1.415
1632294806.013,1.415,1.415
1632294806.316,1.413,1.415
1632294806.631,1.413,1.415
1632294806.914,1.413,1.415
1632294807.213,1.413,1.415
1632294807.516,1.413,1.415
1632294807.844,1.411,1.415
1632294808.114,1.411,1.415
1632294808.413,1.411,1.415
1632294808.729,1.411,1.413
1632294809.015,1.411,1.413
1632294809.314,1.411,1.413
1632294809.613,1.411,1.413
1632294809.945,1.411,1.413
1632294810.211,1.411,1.413
1632294810.514,1.411,1.413
1632294810.826,1.411,1.411
1632294811.112,1.411,1.411
1632294811.412,1.411,1.411
1632294811.711,1.411,1.411
1632294812.042,1.411,1.411
1632294812.313,1.411,1.411
1632294812.612,1.411,1.411
1632294812.923,1.411,1.411
1632294813.214,1.413,1.411
1632294813.513,1.413,1.413
1632294813.812,1.413,1.413
1632294814.14,1.413,1.413
1632294814.41,1.415,1.413
1632294814.713,1.415,1.413
1632294815.024,1.415,1.413
1632294815.311,1.417,1.413
1632294815.61,1.415,1.415
1632294815.909,1.415,1.415
1632294816.241,1.415,1.415
1632294816.511,1.417,1.415
1632294816.81,1.417,1.415
1632294817.126,1.417,1.417
1632294817.408,1.417,1.417
1632294817.712,1.417,1.417
1632294818.011,1.417,1.417
1632294818.338,1.415,1.417
1632294818.609,1.415,1.417
1632294818.908,1.415,1.417
1632294819.223,1.415,1.417
1632294819.51,1.415,1.417
1632294819.809,1.415,1.417
1632294820.108,1.415,1.417
1632294820.44,1.415,1.417
1632294820.71,1.415,1.417
1632294821.009,1.413,1.417
1632294821.325,1.413,1.415
1632294821.607,1.413,1.415
1632294821.91,1.413,1.415
1632294822.209,1.413,1.415
1632294822.537,1.413,1.415
1632294822.808,1.413,1.415
1632294823.107,1.413,1.415
1632294823.422,1.413,1.415
1632294823.709,1.413,1.415
1632294824.008,1.413,1.413
1632294824.307,1.413,1.413
1632294824.638,1.413,1.413
1632294824.909,1.413,1.413
1632294825.208,1.413,1.413
1632294825.523,1.415,1.413
1632294825.806,1.415,1.415
1632294826.109,1.415,1.415
1632294826.408,1.415,1.415
1632294826.736,1.415,1.415
1632294827.006,1.415,1.415
1632294827.305,1.415,1.415
1632294827.621,1.417,1.415
1632294827.907,1.417,1.415
1632294828.207,1.417,1.417
1632294828.505,1.417,1.417
1632294828.837,1.417,1.417
1632294829.108,1.417,1.417
1632294829.407,1.417,1.417
1632294829.718,1.417,1.417
1632294830.005,1.417,1.417
1632294830.304,1.417,1.417
1632294830.607,1.417,1.417
1632294830.935,1.417,1.417
1632294831.205,1.417,1.417
1632294831.504,1.417,1.417
1632294831.819,1.417,1.417
1632294832.106,1.417,1.417
1632294832.405,1.417,1.417
1632294832.704,1.417,1.417
1632294833.036,1.417,1.417
1632294833.306,1.417,1.417
1632294833.606,1.417,1.417
1632294833.917,1.417,1.417
1632294834.204,1.417,1.417
1632294834.502,1.417,1.417
1632294834.806,1.417,1.417
1632294835.105,1.417,1.417
1632294835.404,1.417,1.417
1632294835.703,1.417,1.417
1632294836.002,1.417,1.417
1632294836.305,1.415,1.417
1632294836.604,1.415,1.417
1632294836.903,1.415,1.417
1632294837.202,1.415,1.417
1632294837.501,1.415,1.417
1632294837.804,1.415,1.417
1632294838.103,1.415,1.417
1632294838.402,1.413,1.417
1632294838.701,1.413,1.417
1632294839.004,1.413,1.415
1632294839.303,1.413,1.415
1632294839.602,1.413,1.415
1632294839.901,1.413,1.415
1632294840.201,1.413,1.415
1632294840.524,1.413,1.415
1632294840.802,1.413,1.415
1632294841.102,1.411,1.415
1632294841.409,1.411,1.413
1632294841.7,1.409,1.413
1632294842.003,1.409,1.413
1632294842.302,1.409,1.413
1632294842.625,1.409,1.413
1632294842.9,1.409,1.411
1632294843.199,1.409,1.411
1632294843.506,1.409,1.411
1632294843.801,1.409,1.411
1632294844.1,1.409,1.411
1632294844.399,1.409,1.411
1632294844.723,1.409,1.409
1632294845.001,1.409,1.409
1632294845.3,1.409,1.409
1632294845.607,1.407,1.409
1632294845.898,1.409,1.409
1632294846.201,1.407,1.409
1632294846.501,1.407,1.409
1632294846.82,1.407,1.409
1632294847.099,1.407,1.409
1632294847.398,1.407,1.409
1632294847.705,1.406,1.409
1632294848.0,1.406,1.409
1632294848.299,1.406,1.407
1632294848.598,1.404,1.407
1632294848.921,1.404,1.407
1632294849.2,1.404,1.407
1632294849.499,1.404,1.407
1632294849.806,1.406,1.406
1632294850.097,1.406,1.406
1632294850.4,1.407,1.406
1632294850.699,1.407,1.406
1632294851.019,1.407,1.406
1632294851.297,1.409,1.406
1632294851.596,1.409,1.407
1632294851.904,1.411,1.407
1632294852.199,1.411,1.407
1632294852.498,1.411,1.409
1632294852.797,1.413,1.409
1632294853.12,1.413,1.409
1632294853.398,1.413,1.411
1632294853.698,1.413,1.411
1632294854.005,1.413,1.411
1632294854.296,1.413,1.413
1632294854.595,1.413,1.413
1632294854.898,1.413,1.413
1632294855.217,1.411,1.413
1632294855.496,1.411,1.413
1632294855.795,1.411,1.413
1632294856.102,1.411,1.413
1632294856.397,1.409,1.413
1632294856.696,1.409,1.413
1632294856.995,1.407,1.413
1632294857.319,1.407,1.411
1632294857.597,1.407,1.411
1632294857.896,1.406,1.411
1632294858.203,1.404,1.409
1632294858.494,1.404,1.409
1632294858.793,1.404,1.409
1632294859.096,1.402,1.407
1632294859.416,1.402,1.407
1632294859.695,1.402,1.406
1632294859.994,1.402,1.406
1632294860.301,1.4,1.406
1632294860.596,1.4,1.404
1632294860.895,1.402,1.404
1632294861.194,1.404,1.404
1632294861.517,1.406,1.404
1632294861.792,1.406,1.404
1632294862.095,1.406,1.404
1632294862.402,1.406,1.404
1632294862.693,1.406,1.404
1632294862.992,1.406,1.404
1632294863.295,1.406,1.406
1632294863.615,1.406,1.406
1632294863.893,1.406,1.406
1632294864.192,1.406,1.406
1632294864.5,1.404,1.406
1632294864.795,1.404,1.406
1632294865.094,1.402,1.406
1632294865.393,1.402,1.406
1632294865.716,1.402,1.406
1632294865.991,1.402,1.406
1632294866.294,1.402,1.404
1632294866.601,1.402,1.404
1632294866.892,1.402,1.404
1632294867.191,1.402,1.404
1632294867.49,1.402,1.404
1632294867.814,1.402,1.404
1632294868.092,1.402,1.402
1632294868.391,1.402,1.402
1632294868.698,1.402,1.402
1632294868.993,1.402,1.402
1632294869.292,1.404,1.402
1632294869.591,1.404,1.404
1632294869.89,1.404,1.404
1632294870.189,1.404,1.404
1632294870.492,1.406,1.404
1632294870.792,1.406,1.404
1632294871.091,1.406,1.404
1632294871.39,1.406,1.404
1632294871.689,1.406,1.406
1632294871.992,1.407,1.406
1632294872.291,1.407,1.406
1632294872.59,1.407,1.406
1632294872.889,1.407,1.407
1632294873.188,1.407,1.407
1632294873.491,1.409,1.407
1632294873.79,1.409,1.407
1632294874.089,1.409,1.407
1632294874.388,1.409,1.409
1632294874.687,1.409,1.409
1632294874.99,1.409,1.409
1632294875.306,1.411,1.409
1632294875.588,1.411,1.409
1632294875.887,1.411,1.409
1632294876.19,1.413,1.411
1632294876.522,1.413,1.411
1632294876.789,1.413,1.411
1632294877.087,1.413,1.411
1632294877.403,1.413,1.413
1632294877.69,1.413,1.413
1632294877.989,1.413,1.413
1632294878.288,1.413,1.413
1632294878.619,1.415,1.413
1632294878.886,1.415,1.413
1632294879.189,1.415,1.415
1632294879.5,1.417,1.415
1632294879.787,1.417,1.415
1632294880.086,1.417,1.415
1632294880.385,1.417,1.415
1632294880.717,1.417,1.417
1632294880.987,1.417,1.417
1632294881.286,1.417,1.417
1632294881.602,1.417,1.417
1632294881.888,1.417,1.417
1632294882.187,1.417,1.417
1632294882.486,1.417,1.417
1632294882.814,1.417,1.417
1632294883.085,1.417,1.417
1632294883.388,1.417,1.417
1632294883.699,1.417,1.417
1632294883.986,1.417,1.417
1632294884.285,1.417,1.417
1632294884.584,1.417,1.417
1632294884.915,1.417,1.417
1632294885.186,1.417,1.417
1632294885.485,1.417,1.417
1632294885.796,1.415,1.417
1632294886.083,1.417,1.417
1632294886.386,1.415,1.417
1632294886.685,1.415,1.417
1632294887.013,1.415,1.417
1632294887.283,1.415,1.417
1632294887.586,1.415,1.417
1632294887.898,1.413,1.417
1632294888.184,1.415,1.417
1632294888.483,1.413,1.417
1632294888.782,1.413,1.415
1632294889.114,1.413,1.415
1632294889.385,1.413,1.415
1632294889.684,1.413,1.415
1632294889.995,1.413,1.415
1632294890.282,1.413,1.415
1632294890.585,1.411,1.415
1632294890.884,1.411,1.413
1632294891.211,1.411,1.413
1632294891.482,1.411,1.413
1632294891.781,1.411,1.413
1632294892.096,1.409,1.413
1632294892.383,1.407,1.413
1632294892.682,1.406,1.411
1632294892.981,1.404,1.411
1632294893.313,1.404,1.411
1632294893.583,1.404,1.409
1632294893.882,1.404,1.409
1632294894.194,1.404,1.407
1632294894.48,1.406,1.407
1632294894.783,1.404,1.407
1632294895.082,1.404,1.406
1632294895.41,1.404,1.406
1632294895.68,1.402,1.406
1632294895.98,1.402,1.404
1632294896.295,1.402,1.404
1632294896.582,1.402,1.404
1632294896.881,1.402,1.404
1632294897.18,1.402,1.404
1632294897.511,1.402,1.404
1632294897.782,1.402,1.404
1632294898.081,1.402,1.404
1632294898.392,1.404,1.404
1632294898.679,1.404,1.404
1632294898.978,1.404,1.404
1632294899.281,1.406,1.404
1632294899.609,1.406,1.404
1632294899.879,1.406,1.404
1632294900.178,1.406,1.404
1632294900.494,1.407,1.406
1632294900.78,1.407,1.406
1632294901.079,1.407,1.406
1632294901.378,1.407,1.406
1632294901.71,1.407,1.407
1632294901.981,1.407,1.407
1632294902.28,1.409,1.407
1632294902.591,1.409,1.407
1632294902.878,1.409,1.407
1632294903.177,1.409,1.409
1632294903.48,1.409,1.409
1632294903.808,1.409,1.409
1632294904.078,1.411,1.409
1632294904.377,1.411,1.409
1632294904.676,1.413,1.409
1632294904.979,1.413,1.411
1632294905.278,1.413,1.411
1632294905.577,1.413,1.411
1632294905.876,1.413,1.411
1632294906.179,1.413,1.413
1632294906.478,1.413,1.413
1632294906.777,1.413,1.413
1632294907.076,1.413,1.413
1632294907.375,1.413,1.413
1632294907.678,1.413,1.413
1632294907.978,1.413,1.413
1632294908.277,1.413,1.413
1632294908.576,1.413,1.413
1632294908.875,1.413,1.413
1632294909.178,1.411,1.413
1632294909.477,1.411,1.413
1632294909.776,1.411,1.413
1632294910.083,1.409,1.413
1632294910.374,1.409,1.413
1632294910.677,1.409,1.413
1632294910.976,1.409,1.413
1632294911.3,1.409,1.411
1632294911.574,1.409,1.411
1632294911.873,1.409,1.411
1632294912.184,1.409,1.411
1632294912.475,1.409,1.411
1632294912.774,1.409,1.411
1632294913.073,1.409,1.409
1632294913.397,1.409,1.409
1632294913.675,1.409,1.409
1632294913.974,1.409,1.409
1632294914.282,1.407,1.409
1632294914.573,1.407,1.409
1632294914.876,1.407,1.409
1632294915.175,1.409,1.409
1632294915.494,1.409,1.409
1632294915.773,1.409,1.409
1632294916.072,1.411,1.409
1632294916.379,1.411,1.409
1632294916.674,1.411,1.409
1632294916.973,1.411,1.409
1632294917.272,1.411,1.411
1632294917.596,1.411,1.411
1632294917.874,1.411,1.411
1632294918.173,1.411,1.411
1632294918.476,1.411,1.411
1632294918.771,1.411,1.411
1632294919.074,1.411,1.411
1632294919.373,1.409,1.411
1632294919.693,1.409,1.411
1632294919.971,1.409,1.411
1632294920.27,1.409,1.411
1632294920.578,1.409,1.411
1632294920.873,1.407,1.411
1632294921.172,1.407,1.411
1632294921.471,1.407,1.411
1632294921.794,1.407,1.409
1632294922.073,1.407,1.409
1632294922.372,1.406,1.409
1632294922.679,1.406,1.409
1632294922.97,1.406,1.409
1632294923.269,1.406,1.407
1632294923.572,1.406,1.407
1632294923.892,1.406,1.407
1632294924.17,1.406,1.407
1632294924.469,1.406,1.407
1632294924.776,1.406,1.407
1632294925.071,1.406,1.407
1632294925.37,1.406,1.406
1632294925.669,1.406,1.406
1632294925.993,1.406,1.406
1632294926.272,1.406,1.406
1632294926.571,1.406,1.406
1632294926.878,1.406,1.406
1632294927.169,1.406,1.406
1632294927.468,1.406,1.406
1632294927.771,1.406,1.406
1632294928.09,1.406,1.406
1632294928.369,1.406,1.406
1632294928.668,1.406,1.406
1632294928.975,1.406,1.406
1632294929.27,1.406,1.406
1632294929.569,1.406,1.406
1632294929.868,1.406,1.406
1632294930.192,1.407,1.406
1632294930.466,1.406,1.407
1632294930.769,1.407,1.407
1632294931.076,1.407,1.407
1632294931.367,1.409,1.407
1632294931.666,1.407,1.407
1632294931.969,1.407,1.407
1632294932.289,1.409,1.407
1632294932.568,1.407,1.407
1632294932.867,1.411,1.407
1632294933.174,1.411,1.409
1632294933.469,1.411,1.409
1632294933.768,1.411,1.409
1632294934.067,1.411,1.409
1632294934.39,1.411,1.411
1632294934.665,1.411,1.411
1632294934.968,1.411,1.411
1632294935.275,1.413,1.411
1632294935.566,1.413,1.411
1632294935.865,1.411,1.413
1632294936.164,1.415,1.413
1632294936.488,1.415,1.413
1632294936.766,1.415,1.413
1632294937.065,1.415,1.413
1632294937.373,1.415,1.413
1632294937.667,1.415,1.415
1632294937.966,1.415,1.415
1632294938.265,1.415,1.415
1632294938.589,1.417,1.415
1632294938.864,1.417,1.415
1632294939.167,1.417,1.417
1632294939.474,1.417,1.417
1632294939.765,1.417,1.417
1632294940.064,1.417,1.417
1632294940.363,1.417,1.417
1632294940.666,1.417,1.417
1632294940.965,1.417,1.417
1632294941.264,1.417,1.417
1632294941.563,1.415,1.417
1632294941.862,1.415,1.417
1632294942.165,1.415,1.417
1632294942.464,1.415,1.417
1632294942.763,1.415,1.417
1632294943.062,1.415,1.417
1632294943.365,1.415,1.417
1632294943.664,1.415,1.417
1632294943.963,1.415,1.417
1632294944.262,1.413,1.417
1632294944.562,1.413,1.415
1632294944.865,1.413,1.415
1632294945.196,1.413,1.415
1632294945.463,1.413,1.415
1632294945.762,1.413,1.415
1632294946.077,1.413,1.415
1632294946.364,1.411,1.415
1632294946.663,1.411,1.415
1632294946.962,1.411,1.413
1632294947.294,1.411,1.413
1632294947.56,1.411,1.413
1632294947.863,1.411,1.413
1632294948.178,1.411,1.413
1632294948.461,1.411,1.413
1632294948.76,1.411,1.413
1632294949.059,1.411,1.413
1632294949.391,1.411,1.411
1632294949.661,1.411,1.411
1632294949.96,1.411,1.411
1632294950.276,1.411,1.411
1632294950.563,1.411,1.411
1632294950.862,1.411,1.411
1632294951.161,1.411,1.411
1632294951.488,1.411,1.411
1632294951.759,1.413,1.411
1632294952.062,1.413,1.413
1632294952.373,1.413,1.413
1632294952.66,1.413,1.413
1632294952.959,1.413,1.413
1632294953.258,1.413,1.413
1632294953.59,1.413,1.413
1632294953.86,1.413,1.413
1632294954.159,1.413,1.413
1632294954.471,1.413,1.413
1632294954.757,1.415,1.413
1632294955.06,1.413,1.415
1632294955.359,1.415,1.415
1632294955.687,1.415,1.415
1632294955.957,1.415,1.415
1632294956.26,1.415,1.415
1632294956.572,1.415,1.415
1632294956.859,1.417,1.415
1632294957.158,1.415,1.415
1632294957.457,1.415,1.415
1632294957.788,1.415,1.415
1632294958.059,1.417,1.415
1632294958.358,1.417,1.417
1632294958.673,1.417,1.417
1632294958.956,1.417,1.417
1632294959.259,1.417,1.417
1632294959.558,1.417,1.417
1632294959.886,1.417,1.417
1632294960.156,1.417,1.417
1632294960.455,1.417,1.417
1632294960.771,1.417,1.417
1632294961.057,1.419,1.417
1632294961.356,1.417,1.419
1632294961.655,1.417,1.419
1632294961.987,1.417,1.419
1632294962.257,1.417,1.419
1632294962.557,1.417,1.419
1632294962.872,1.417,1.419
1632294963.155,1.417,1.419
1632294963.458,1.417,1.419
1632294963.757,1.417,1.419
1632294964.084,1.417,1.419
1632294964.355,1.415,1.417
1632294964.654,1.415,1.417
1632294964.969,1.415,1.417
1632294965.256,1.415,1.417
1632294965.555,1.415,1.417
1632294965.854,1.415,1.417
1632294966.186,1.415,1.417
1632294966.456,1.415,1.417
1632294966.755,1.413,1.417
1632294967.067,1.413,1.415
1632294967.353,1.413,1.415
1632294967.652,1.413,1.415
1632294967.955,1.413,1.415
1632294968.283,1.413,1.415
1632294968.553,1.413,1.415
1632294968.853,1.413,1.415
1632294969.168,1.413,1.415
1632294969.455,1.413,1.415
1632294969.754,1.413,1.413
1632294970.053,1.411,1.413
1632294970.384,1.411,1.413
1632294970.655,1.411,1.413
1632294970.954,1.411,1.413
1632294971.265,1.411,1.413
1632294971.552,1.411,1.413
1632294971.851,1.413,1.413
1632294972.154,1.411,1.413
1632294972.482,1.411,1.413
1632294972.752,1.411,1.413
1632294973.051,1.411,1.413
1632294973.367,1.411,1.413
1632294973.653,1.411,1.413
1632294973.952,1.411,1.413
1632294974.251,1.411,1.413
1632294974.55,1.411,1.413
1632294974.854,1.411,1.413
1632294975.153,1.411,1.411
1632294975.452,1.411,1.411
1632294975.751,1.411,1.411
1632294976.05,1.411,1.411
1632294976.353,1.413,1.411
1632294976.652,1.413,1.413
1632294976.951,1.413,1.413
1632294977.25,1.413,1.413
1632294977.549,1.413,1.413
1632294977.852,1.413,1.413
1632294978.151,1.413,1.413
1632294978.45,1.413,1.413
1632294978.749,1.413,1.413
1632294979.048,1.413,1.413
1632294979.351,1.413,1.413
1632294979.65,1.413,1.413
1632294979.974,1.413,1.413
1632294980.248,1.413,1.413
1632294980.551,1.415,1.413
1632294980.859,1.413,1.415
1632294981.15,1.411,1.415
1632294981.449,1.415,1.413
1632294981.748,1.415,1.415
1632294982.071,1.415,1.415
1632294982.35,1.415,1.415
1632294982.649,1.415,1.415
1632294982.956,1.415,1.415
1632294983.247,1.415,1.415
1632294983.55,1.415,1.415
1632294983.849,1.415,1.415
1632294984.173,1.417,1.415
1632294984.447,1.417,1.417
1632294984.746,1.417,1.417
1632294985.053,1.417,1.417
1632294985.348,1.417,1.417
1632294985.647,1.417,1.417
1632294985.946,1.417,1.417
1632294986.27,1.417,1.417
1632294986.548,1.417,1.417
1632294986.848,1.417,1.417
1632294987.151,1.417,1.417
1632294987.446,1.415,1.417
1632294987.749,1.415,1.417
1632294988.048,1.415,1.417
1632294988.367,1.415,1.417
1632294988.646,1.415,1.417
1632294988.945,1.415,1.417
1632294989.252,1.415,1.417
1632294989.547,1.413,1.417
1632294989.846,1.413,1.417
1632294990.145,1.413,1.415
1632294990.469,1.413,1.415
1632294990.747,1.413,1.415
1632294991.046,1.413,1.415
1632294991.353,1.413,1.415
1632294991.644,1.413,1.415
1632294991.943,1.411,1.415
1632294992.246,1.411,1.413
1632294992.566,1.409,1.413
1632294992.844,1.409,1.413
1632294993.144,1.407,1.413
1632294993.451,1.407,1.413
1632294993.746,1.407,1.411
1632294994.045,1.406,1.411
1632294994.344,1.404,1.411
1632294994.667,1.404,1.409
1632294994.946,1.404,1.409
1632294995.245,1.404,1.407
1632294995.552,1.404,1.407
1632294995.843,1.404,1.406
1632294996.142,1.406,1.406
1632294996.445,1.406,1.406
1632294996.765,1.406,1.406
1632294997.043,1.406,1.406
1632294997.342,1.406,1.406
1632294997.65,1.406,1.406
1632294997.944,1.406,1.406
1632294998.243,1.406,1.406
1632294998.542,1.406,1.406
1632294998.866,1.406,1.406
1632294999.145,1.407,1.406
1632294999.444,1.406,1.407
1632294999.751,1.406,1.407
1632295000.042,1.406,1.407
1632295000.341,1.406,1.407
1632295000.644,1.406,1.407
1632295000.963,1.407,1.407
1632295001.242,1.407,1.407
1632295001.541,1.407,1.407
1632295001.848,1.407,1.407
1632295002.143,1.409,1.407
1632295002.442,1.409,1.407
1632295002.741,1.409,1.407
1632295003.065,1.411,1.407
1632295003.339,1.411,1.409
1632295003.642,1.411,1.409
1632295003.95,1.411,1.409
1632295004.24,1.413,1.411
1632295004.539,1.413,1.411
1632295004.838,1.413,1.411
1632295005.162,1.413,1.411
1632295005.441,1.413,1.413
1632295005.74,1.413,1.413
1632295006.047,1.413,1.413
1632295006.342,1.413,1.413
1632295006.641,1.413,1.413
1632295006.94,1.413,1.413
1632295007.263,1.413,1.413
1632295007.538,1.413,1.413
1632295007.841,1.413,1.413
1632295008.148,1.413,1.413
1632295008.439,1.415,1.413
1632295008.738,1.413,1.415
1632295009.037,1.413,1.415
1632295009.361,1.413,1.415
1632295009.639,1.415,1.415
1632295009.938,1.413,1.415
1632295010.237,1.413,1.415
1632295010.536,1.413,1.415
1632295010.839,1.413,1.415
1632295011.139,1.413,1.415
1632295011.438,1.413,1.415
1632295011.737,1.413,1.415
1632295012.04,1.413,1.415
1632295012.339,1.413,1.415
1632295012.638,1.413,1.415
1632295012.937,1.413,1.413
1632295013.236,1.411,1.413
1632295013.539,1.411,1.413
1632295013.838,1.411,1.413
1632295014.137,1.411,1.413
1632295014.436,1.411,1.413
1632295014.752,1.409,1.413
1632295015.038,1.409,1.413
1632295015.337,1.409,1.413
1632295015.636,1.409,1.411
1632295015.968,1.409,1.411
1632295016.234,1.409,1.411
1632295016.537,1.409,1.411
1632295016.853,1.409,1.411
1632295017.136,1.409,1.411
1632295017.435,1.409,1.411
1632295017.738,1.407,1.409
1632295018.065,1.409,1.409
1632295018.336,1.407,1.409
1632295018.635,1.407,1.409
1632295018.95,1.407,1.409
1632295019.237,1.409,1.409
1632295019.536,1.409,1.409
1632295019.835,1.409,1.409
1632295020.167,1.409,1.409
1632295020.433,1.409,1.409
1632295020.736,1.409,1.409
1632295021.047,1.411,1.409
1632295021.334,1.411,1.409
1632295021.633,1.411,1.409
1632295021.932,1.413,1.411
1632295022.264,1.413,1.411
1632295022.534,1.413,1.411
1632295022.833,1.413,1.411
1632295023.145,1.413,1.413
1632295023.432,1.415,1.413
1632295023.735,1.415,1.413
1632295024.034,1.415,1.413
1632295024.361,1.415,1.415
1632295024.632,1.415,1.415
1632295024.935,1.415,1.415
1632295025.246,1.415,1.415
1632295025.533,1.417,1.415
1632295025.832,1.415,1.415
1632295026.131,1.415,1.415
1632295026.463,1.415,1.417
1632295026.733,1.415,1.417
1632295027.032,1.417,1.417
1632295027.344,1.417,1.417
1632295027.63,1.417,1.417
1632295027.933,1.417,1.417
1632295028.232,1.417,1.417
1632295028.56,1.417,1.417
1632295028.83,1.417,1.417
1632295029.129,1.417,1.417
1632295029.445,1.417,1.417
1632295029.732,1.419,1.417
1632295030.031,1.419,1.419
1632295030.33,1.419,1.419
1632295030.661,1.419,1.419
1632295030.932,1.419,1.419
1632295031.231,1.419,1.419
1632295031.542,1.419,1.419
1632295031.829,1.419,1.419
1632295032.132,1.417,1.419
1632295032.431,1.417,1.419
1632295032.759,1.417,1.419
1632295033.029,1.417,1.419
1632295033.328,1.415,1.419
1632295033.644,1.415,1.419
1632295033.93,1.415,1.419
1632295034.229,1.415,1.417
1632295034.528,1.415,1.417
1632295034.86,1.413,1.417
1632295035.13,1.413,1.417
1632295035.43,1.413,1.417
1632295035.741,1.413,1.415
1632295036.028,1.413,1.415
1632295036.331,1.413,1.415
1632295036.63,1.413,1.415
1632295036.957,1.413,1.415
1632295037.228,1.413,1.415
1632295037.527,1.411,1.415
1632295037.842,1.411,1.413
1632295038.129,1.411,1.413
1632295038.428,1.411,1.413
1632295038.727,1.411,1.413
1632295039.059,1.411,1.413
1632295039.329,1.411,1.413
1632295039.628,1.411,1.413
1632295039.94,1.411,1.413
1632295040.226,1.411,1.413
1632295040.525,1.411,1.411
1632295040.828,1.411,1.411
1632295041.156,1.411,1.411
1632295041.427,1.411,1.411
1632295041.726,1.411,1.411
1632295042.041,1.413,1.411
1632295042.328,1.413,1.413
1632295042.627,1.413,1.413
1632295042.926,1.413,1.413
1632295043.258,1.413,1.413
1632295043.528,1.413,1.413
1632295043.827,1.413,1.413
1632295044.138,1.415,1.413
1632295044.425,1.415,1.413
1632295044.724,1.415,1.415
1632295045.027,1.415,1.415
1632295045.326,1.415,1.415
1632295045.625,1.415,1.415
1632295045.924,1.415,1.415
1632295046.223,1.415,1.415
1632295046.526,1.415,1.415
1632295046.825,1.415,1.415
1632295047.124,1.417,1.415
1632295047.424,1.417,1.417
1632295047.723,1.417,1.417
1632295048.026,1.417,1.417
1632295048.325,1.417,1.417
1632295048.624,1.417,1.417
1632295048.923,1.417,1.417
1632295049.226,1.417,1.417
1632295049.537,1.417,1.417
1632295049.824,1.417,1.417
1632295050.123,1.417,1.417
1632295050.422,1.417,1.417
1632295050.746,1.417,1.417
1632295051.024,1.417,1.417
1632295051.323,1.415,1.417
1632295051.63,1.415,1.417
1632295051.921,1.415,1.417
1632295052.224,1.415,1.417
1632295052.523,1.415,1.417
1632295052.847,1.415,1.417
1632295053.121,1.415,1.417
1632295053.42,1.413,1.417
1632295053.728,1.413,1.417
1632295054.023,1.413,1.415
1632295054.322,1.413,1.415
1632295054.621,1.413,1.415
1632295054.944,1.413,1.415
1632295055.223,1.413,1.415
1632295055.522,1.413,1.415
1632295055.829,1.413,1.415
1632295056.12,1.413,1.415
1632295056.423,1.413,1.413
1632295056.722,1.411,1.413
1632295057.042,1.411,1.413
1632295057.32,1.411,1.413
1632295057.619,1.411,1.413
1632295057.926,1.411,1.413
1632295058.221,1.411,1.413
1632295058.52,1.411,1.413
1632295058.819,1.411,1.413
1632295059.143,1.411,1.413
1632295059.421,1.411,1.413
1632295059.721,1.411,1.411
1632295060.028,1.411,1.411
1632295060.319,1.411,1.411
1632295060.618,1.411,1.411
1632295060.921,1.411,1.411
1632295061.24,1.411,1.411
1632295061.519,1.411,1.411
1632295061.818,1.411,1.411
1632295062.125,1.411,1.411
1632295062.42,1.411,1.411
1632295062.719,1.411,1.411
1632295063.018,1.411,1.411
1632295063.342,1.411,1.411
1632295063.62,1.411,1.411
1632295063.919,1.413,1.411
1632295064.226,1.413,1.413
1632295064.517,1.413,1.413
1632295064.816,1.413,1.413
1632295065.119,1.413,1.413
1632295065.439,1.413,1.413
1632295065.718,1.413,1.413
1632295066.017,1.413,1.413
1632295066.324,1.413,1.413
1632295066.619,1.413,1.413
1632295066.918,1.413,1.413
1632295067.217,1.413,1.413
1632295067.54,1.413,1.413
1632295067.819,1.415,1.413
1632295068.118,1.415,1.415
1632295068.425,1.415,1.415
1632295068.716,1.415,1.415
1632295069.015,1.415,1.415
1632295069.318,1.415,1.415
1632295069.638,1.415,1.415
1632295069.916,1.415,1.415
1632295070.215,1.415,1.415
1632295070.523,1.415,1.415
1632295070.817,1.415,1.415
1632295071.116,1.415,1.415
1632295071.415,1.415,1.415
1632295071.739,1.415,1.415
1632295072.014,1.415,1.415
1632295072.317,1.415,1.415
1632295072.624,1.415,1.415
1632295072.915,1.415,1.415
1632295073.214,1.413,1.415
1632295073.517,1.413,1.415
1632295073.836,1.413,1.415
1632295074.115,1.413,1.415
1632295074.414,1.413,1.415
1632295074.721,1.413,1.415
1632295075.016,1.413,1.415
1632295075.315,1.411,1.415
1632295075.614,1.411,1.415
1632295075.938,1.411,1.413
1632295076.212,1.411,1.413
1632295076.515,1.411,1.413
1632295076.823,1.411,1.413
1632295077.113,1.409,1.413
1632295077.412,1.409,1.413
1632295077.711,1.409,1.411
1632295078.035,1.409,1.411
1632295078.314,1.409,1.411
1632295078.613,1.409,1.411
1632295078.92,1.409,1.411
1632295079.211,1.409,1.411
1632295079.514,1.411,1.411
1632295079.813,1.411,1.411
1632295080.112,1.411,1.411
1632295080.411,1.411,1.411
1632295080.714,1.411,1.411
1632295081.013,1.411,1.411
1632295081.312,1.411,1.411
1632295081.611,1.411,1.411
1632295081.91,1.413,1.411
1632295082.213,1.413,1.411
1632295082.512,1.413,1.413
1632295082.811,1.413,1.413
1632295083.11,1.413,1.413
1632295083.409,1.413,1.413
1632295083.712,1.413,1.413
1632295084.012,1.413,1.413
1632295084.311,1.415,1.413
1632295084.642,1.413,1.413
1632295084.909,1.413,1.415
1632295085.212,1.413,1.415
1632295085.527,1.415,1.415
1632295085.81,1.415,1.415
1632295086.109,1.415,1.415
1632295086.412,1.415,1.415
1632295086.74,1.415,1.415
1632295087.01,1.415,1.415
1632295087.309,1.415,1.415
1632295087.625,1.415,1.415
1632295087.911,1.415,1.415
1632295088.21,1.413,1.415
1632295088.509,1.413,1.415
1632295088.841,1.413,1.415
1632295089.107,1.413,1.415
1632295089.41,1.413,1.415
1632295089.722,1.413,1.415
1632295090.009,1.411,1.415
1632295090.308,1.411,1.415
1632295090.607,1.411,1.413
1632295090.938,1.411,1.413
1632295091.209,1.411,1.413
1632295091.508,1.411,1.413
1632295091.819,1.411,1.413
1632295092.11,1.409,1.413
1632295092.409,1.409,1.413
1632295092.708,1.409,1.411
1632295093.036,1.409,1.411
1632295093.306,1.409,1.411
1632295093.609,1.409,1.411
1632295093.92,1.409,1.411
1632295094.207,1.409,1.411
1632295094.506,1.409,1.411
1632295094.805,1.409,1.411
1632295095.137,1.409,1.409
1632295095.407,1.409,1.409
1632295095.706,1.409,1.409
1632295096.018,1.411,1.409
1632295096.305,1.413,1.411
1632295096.608,1.411,1.411
1632295096.907,1.411,1.411
1632295097.234,1.413,1.411
1632295097.505,1.413,1.411
1632295097.804,1.413,1.411
1632295098.119,1.413,1.413
1632295098.406,1.415,1.413
1632295098.705,1.413,1.413
1632295099.004,1.413,1.413
1632295099.336,1.413,1.413
1632295099.606,1.415,1.413
1632295099.905,1.415,1.415
1632295100.217,1.415,1.415
1632295100.503,1.415,1.415
1632295100.806,1.415,1.415
1632295101.105,1.415,1.415
1632295101.433,1.415,1.415
1632295101.703,1.415,1.415
1632295102.003,1.415,1.415
1632295102.318,1.415,1.415
1632295102.605,1.415,1.415
1632295102.904,1.413,1.415
1632295103.203,1.413,1.415
1632295103.534,1.413,1.415
1632295103.805,1.413,1.415
1632295104.104,1.413,1.415
1632295104.415,1.413,1.415
1632295104.702,1.409,1.415
1632295105.005,1.411,1.415
1632295105.304,1.411,1.413
1632295105.632,1.411,1.413
1632295105.902,1.411,1.413
1632295106.201,1.411,1.413
1632295106.517,1.411,1.413
1632295106.803,1.411,1.413
1632295107.102,1.409,1.413
1632295107.401,1.409,1.411
1632295107.733,1.409,1.411
1632295108.003,1.409,1.411
1632295108.303,1.409,1.411
1632295108.614,1.409,1.411
1632295108.901,1.409,1.411
1632295109.2,1.409,1.411
1632295109.503,1.409,1.411
1632295109.831,1.407,1.411
1632295110.101,1.407,1.409
1632295110.4,1.407,1.409
1632295110.715,1.407,1.409
1632295111.002,1.407,1.409
1632295111.301,1.407,1.409
1632295111.6,1.407,1.409
1632295111.932,1.407,1.409
1632295112.202,1.407,1.409
1632295112.501,1.407,1.409
1632295112.813,1.409,1.407
1632295113.099,1.409,1.409
1632295113.398,1.409,1.409
1632295113.701,1.409,1.409
1632295114.029,1.409,1.409
1632295114.3,1.409,1.409
1632295114.599,1.411,1.409
1632295114.898,1.411,1.409
1632295115.201,1.413,1.409
1632295115.5,1.411,1.411
1632295115.799,1.411,1.411
1632295116.098,1.411,1.411
1632295116.397,1.411,1.411
1632295116.7,1.411,1.411
1632295116.999,1.411,1.411
1632295117.298,1.411,1.411
1632295117.597,1.411,1.413
1632295117.9,1.411,1.413
1632295118.199,1.411,1.413
1632295118.498,1.413,1.411
1632295118.797,1.411,1.413
1632295119.096,1.411,1.413
1632295119.399,1.411,1.413
1632295119.698,1.411,1.413
1632295119.997,1.411,1.413
1632295120.305,1.411,1.413
1632295120.596,1.411,1.413
1632295120.899,1.411,1.413
1632295121.198,1.411,1.413
1632295121.521,1.413,1.413
1632295121.796,1.413,1.413
1632295122.095,1.413,1.413
1632295122.402,1.413,1.413
1632295122.697,1.413,1.413
1632295122.996,1.413,1.413
1632295123.295,1.413,1.413
1632295123.619,1.413,1.413
1632295123.897,1.413,1.413
1632295124.196,1.413,1.413
1632295124.503,1.415,1.413
1632295124.794,1.415,1.415
1632295125.097,1.415,1.415
1632295125.396,1.415,1.415
1632295125.716,1.415,1.415
1632295125.994,1.415,1.415
1632295126.293,1.415,1.415
1632295126.601,1.415,1.415
1632295126.896,1.415,1.415
1632295127.195,1.415,1.415
1632295127.494,1.415,1.415
1632295127.817,1.415,1.415
1632295128.096,1.415,1.415
1632295128.395,1.415,1.415
1632295128.698,1.415,1.415
1632295128.993,1.415,1.415
1632295129.292,1.415,1.415
1632295129.595,1.415,1.415
1632295129.915,1.415,1.415
1632295130.193,1.415,1.415
1632295130.492,1.415,1.415
1632295130.799,1.415,1.415
1632295131.094,1.415,1.415
1632295131.393,1.415,1.415
1632295131.692,1.415,1.415
1632295132.016,1.415,1.415
1632295132.294,1.415,1.415
1632295132.594,1.415,1.415
1632295132.901,1.415,1.415
1632295133.192,1.415,1.415
1632295133.491,1.415,1.415
1632295133.794,1.415,1.415
1632295134.113,1.413,1.415
1632295134.392,1.413,1.415
1632295134.691,1.413,1.415
1632295134.998,1.413,1.415
1632295135.293,1.413,1.415
1632295135.592,1.413,1.415
1632295135.891,1.413,1.415
1632295136.215,1.413,1.415
1632295136.493,1.413,1.415
1632295136.792,1.413,1.415
1632295137.099,1.413,1.413
1632295137.39,1.411,1.413
1632295137.689,1.411,1.413
1632295137.992,1.411,1.413
1632295138.312,1.411,1.413
1632295138.591,1.411,1.413
1632295138.89,1.411,1.413
1632295139.197,1.411,1.413
1632295139.492,1.409,1.413
1632295139.791,1.411,1.413
1632295140.09,1.411,1.411
1632295140.413,1.411,1.411
1632295140.688,1.411,1.411
1632295140.991,1.411,1.411
1632295141.298,1.411,1.411
1632295141.589,1.411,1.411
1632295141.888,1.409,1.411
1632295142.191,1.409,1.411
1632295142.511,1.409,1.411
1632295142.789,1.409,1.411
1632295143.088,1.409,1.411
1632295143.396,1.409,1.411
1632295143.69,1.409,1.411
1632295143.989,1.409,1.411
1632295144.288,1.409,1.411
1632295144.612,1.409,1.411
1632295144.887,1.409,1.409
1632295145.19,1.409,1.409
1632295145.497,1.409,1.409
1632295145.788,1.411,1.409
1632295146.087,1.409,1.411
1632295146.386,1.409,1.411
1632295146.709,1.409,1.411
1632295146.988,1.409,1.411
1632295147.287,1.409,1.411
1632295147.594,1.409,1.411
1632295147.885,1.409,1.411
1632295148.188,1.411,1.411
1632295148.487,1.411,1.411
1632295148.811,1.411,1.411
1632295149.085,1.411,1.411
1632295149.388,1.411,1.411
1632295149.687,1.413,1.411
1632295149.986,1.411,1.411
1632295150.285,1.413,1.411
1632295150.585,1.413,1.411
1632295150.888,1.413,1.413
1632295151.187,1.413,1.413
1632295151.486,1.413,1.413
1632295151.785,1.413,1.413
1632295152.084,1.413,1.413
1632295152.387,1.413,1.413
1632295152.686,1.413,1.413
1632295152.985,1.413,1.413
1632295153.284,1.413,1.413
1632295153.583,1.413,1.413
1632295153.886,1.413,1.413
1632295154.185,1.413,1.413
1632295154.484,1.413,1.413
1632295154.783,1.415,1.413
1632295155.086,1.413,1.415
1632295155.418,1.413,1.415
1632295155.684,1.413,1.415
1632295155.983,1.413,1.415
1632295156.299,1.413,1.415
1632295156.586,1.413,1.415
1632295156.885,1.413,1.415
1632295157.184,1.415,1.415
1632295157.515,1.415,1.415
1632295157.782,1.415,1.415
1632295158.085,1.413,1.415
1632295158.4,1.413,1.415
1632295158.683,1.413,1.415
1632295158.982,1.415,1.415
1632295159.281,1.415,1.415
1632295159.613,1.415,1.415
1632295159.883,1.415,1.415
1632295160.182,1.415,1.415
1632295160.497,1.415,1.415
1632295160.78,1.415,1.415
1632295161.083,1.415,1.415
1632295161.382,1.415,1.415
1632295161.71,1.415,1.415
1632295161.98,1.415,1.415
1632295162.283,1.415,1.415
1632295162.595,1.415,1.415
1632295162.882,1.415,1.415
1632295163.181,1.415,1.415
1632295163.48,1.415,1.415
1632295163.811,1.415,1.415
1632295164.082,1.415,1.415
1632295164.381,1.415,1.415
1632295164.692,1.415,1.415
1632295164.979,1.415,1.415
1632295165.282,1.415,1.415
1632295165.581,1.415,1.415
1632295165.909,1.415,1.415
1632295166.179,1.415,1.415
1632295166.478,1.415,1.415
1632295166.794,1.413,1.415
1632295167.08,1.415,1.415
1632295167.379,1.413,1.415
1632295167.678,1.413,1.415
1632295168.01,1.413,1.415
1632295168.28,1.413,1.415
1632295168.579,1.413,1.415
1632295168.891,1.413,1.415
1632295169.178,1.413,1.415
1632295169.481,1.413,1.415
1632295169.78,1.413,1.415
1632295170.107,1.411,1.415
1632295170.378,1.411,1.413
1632295170.677,1.411,1.413
1632295170.992,1.411,1.413
1632295171.279,1.411,1.413
1632295171.578,1.411,1.413
1632295171.877,1.409,1.413
1632295172.209,1.409,1.413
1632295172.479,1.409,1.411
1632295172.779,1.409,1.411
1632295173.09,1.409,1.411
1632295173.376,1.409,1.411
1632295173.679,1.407,1.411
1632295173.978,1.407,1.411
1632295174.306,1.407,1.409
1632295174.577,1.407,1.409
1632295174.876,1.407,1.409
1632295175.191,1.407,1.409
1632295175.478,1.407,1.409
1632295175.777,1.407,1.409
1632295176.076,1.407,1.409
1632295176.408,1.407,1.409
1632295176.678,1.407,1.407
1632295176.977,1.407,1.407
1632295177.288,1.407,1.407
1632295177.575,1.407,1.407
1632295177.874,1.407,1.407
1632295178.177,1.407,1.407
1632295178.505,1.407,1.407
1632295178.775,1.407,1.407
1632295179.074,1.407,1.407
1632295179.39,1.407,1.407
1632295179.676,1.407,1.407
1632295179.975,1.407,1.407
1632295180.274,1.407,1.407
1632295180.606,1.406,1.407
1632295180.877,1.406,1.407
1632295181.176,1.406,1.407
1632295181.487,1.406,1.407
1632295181.776,1.406,1.407
1632295182.073,1.406,1.407
1632295182.376,1.406,1.407
1632295182.704,1.406,1.407
1632295182.974,1.406,1.407
1632295183.273,1.406,1.407
1632295183.588,1.407,1.406
1632295183.875,1.406,1.407
1632295184.174,1.406,1.407
1632295184.473,1.407,1.407
1632295184.772,1.407,1.407
1632295185.071,1.407,1.407
1632295185.374,1.407,1.407
1632295185.673,1.407,1.407
1632295185.972,1.407,1.407
1632295186.271,1.406,1.407
1632295186.574,1.407,1.407
1632295186.873,1.407,1.407
1632295187.173,1.407,1.407
1632295187.472,1.407,1.407
1632295187.771,1.407,1.407
1632295188.074,1.407,1.407
1632295188.373,1.407,1.407
1632295188.672,1.407,1.407
1632295188.971,1.407,1.407
1632295189.27,1.407,1.407
1632295189.573,1.407,1.407
1632295189.872,1.407,1.407
1632295190.196,1.407,1.407
1632295190.47,1.406,1.407
1632295190.769,1.406,1.407
1632295191.08,1.406,1.407
1632295191.371,1.406,1.407
1632295191.67,1.404,1.407
1632295191.969,1.404,1.407
1632295192.293,1.404,1.407
1632295192.571,1.404,1.406
1632295192.87,1.404,1.406
1632295193.178,1.404,1.406
1632295193.469,1.404,1.406
1632295193.772,1.404,1.406
1632295194.071,1.404,1.406
1632295194.39,1.404,1.406
1632295194.67,1.402,1.404
1632295194.968,1.402,1.404
1632295195.275,1.402,1.404
1632295195.57,1.4,1.404
1632295195.869,1.4,1.404
1632295196.168,1.398,1.404
1632295196.492,1.4,1.402
1632295196.77,1.4,1.402
1632295197.07,1.4,1.402
1632295197.373,1.402,1.402
1632295197.667,1.4,1.402
1632295197.967,1.4,1.402
1632295198.269,1.402,1.402
1632295198.589,1.402,1.402
1632295198.868,1.402,1.402
1632295199.167,1.402,1.402
1632295199.474,1.402,1.402
1632295199.769,1.402,1.402
1632295200.068,1.402,1.402
1632295200.367,1.402,1.402
1632295200.69,1.402,1.402
1632295200.969,1.4,1.402
1632295201.268,1.4,1.402
1632295201.571,1.402,1.402
1632295201.866,1.4,1.402
1632295202.165,1.402,1.402
1632295202.468,1.402,1.402
1632295202.788,1.402,1.402
1632295203.066,1.404,1.402
1632295203.366,1.404,1.402
1632295203.672,1.406,1.402
1632295203.968,1.406,1.404
1632295204.267,1.406,1.404
1632295204.566,1.406,1.404
1632295204.889,1.406,1.404
1632295205.168,1.407,1.406
1632295205.467,1.407,1.406
1632295205.77,1.407,1.406
1632295206.065,1.407,1.407
1632295206.364,1.407,1.407
1632295206.667,1.407,1.407
1632295206.986,1.407,1.407
1632295207.265,1.409,1.407
1632295207.564,1.407,1.407
1632295207.871,1.407,1.407
1632295208.166,1.407,1.409
1632295208.465,1.407,1.409
1632295208.764,1.406,1.409
1632295209.088,1.407,1.407
1632295209.362,1.407,1.407
1632295209.665,1.407,1.407
1632295209.968,1.409,1.407
1632295210.264,1.409,1.409
1632295210.563,1.409,1.409
1632295210.862,1.409,1.409
1632295211.185,1.409,1.409
1632295211.464,1.409,1.409
1632295211.763,1.409,1.409
1632295212.07,1.409,1.409
1632295212.365,1.409,1.409
1632295212.664,1.409,1.409
1632295212.963,1.409,1.409
1632295213.286,1.407,1.409
1632295213.561,1.407,1.409
1632295213.864,1.407,1.409
1632295214.167,1.407,1.409
1632295214.462,1.407,1.409
1632295214.761,1.407,1.409
1632295215.06,1.407,1.409
1632295215.384,1.406,1.409
1632295215.662,1.404,1.409
1632295215.961,1.404,1.407
1632295216.269,1.406,1.407
1632295216.56,1.406,1.407
1632295216.863,1.406,1.407
1632295217.162,1.406,1.407
1632295217.485,1.406,1.407
1632295217.76,1.407,1.406
1632295218.063,1.407,1.406
1632295218.366,1.407,1.406
1632295218.661,1.407,1.407
1632295218.96,1.407,1.407
1632295219.259,1.407,1.407
1632295219.562,1.409,1.407
1632295219.861,1.409,1.407
1632295220.16,1.409,1.407
1632295220.459,1.409,1.409
1632295220.758,1.409,1.409
1632295221.061,1.409,1.409
1632295221.36,1.409,1.409
1632295221.659,1.409,1.409
1632295221.959,1.409,1.409
1632295222.258,1.409,1.409
1632295222.561,1.409,1.409
1632295222.86,1.409,1.409
1632295223.159,1.409,1.409
1632295223.458,1.409,1.409
1632295223.761,1.409,1.409
1632295224.06,1.409,1.409
1632295224.359,1.409,1.409
1632295224.658,1.407,1.409
1632295224.973,1.407,1.409
1632295225.26,1.407,1.409
1632295225.559,1.407,1.409
1632295225.858,1.407,1.409
1632295226.19,1.407,1.409
1632295226.456,1.407,1.409
1632295226.759,1.407,1.409
1632295227.075,1.407,1.409
1632295227.358,1.407,1.409
1632295227.656,1.407,1.407
1632295227.955,1.407,1.407
1632295228.287,1.407,1.407
1632295228.558,1.407,1.407
1632295228.857,1.407,1.407
1632295229.172,1.407,1.407
1632295229.455,1.407,1.407
1632295229.758,1.407,1.407
1632295230.057,1.407,1.407
1632295230.384,1.407,1.407
1632295230.655,1.407,1.407
1632295230.958,1.407,1.407
1632295231.269,1.407,1.407
1632295231.556,1.407,1.407
1632295231.855,1.407,1.407
1632295232.154,1.407,1.407
1632295232.486,1.407,1.407
1632295232.756,1.407,1.407
1632295233.055,1.407,1.407
1632295233.367,1.407,1.407
1632295233.653,1.406,1.407
1632295233.956,1.407,1.407
1632295234.255,1.407,1.407
1632295234.583,1.407,1.407
1632295234.854,1.407,1.407
1632295235.153,1.407,1.407
1632295235.468,1.406,1.407
1632295235.755,1.407,1.407
1632295236.054,1.406,1.407
1632295236.353,1.406,1.407
1632295236.684,1.406,1.407
1632295236.955,1.406,1.407
1632295237.254,1.406,1.407
1632295237.565,1.406,1.407
1632295237.852,1.407,1.407
1632295238.155,1.406,1.407
1632295238.454,1.406,1.407
1632295238.782,1.406,1.407
1632295239.052,1.407,1.407
1632295239.351,1.407,1.407
1632295239.667,1.407,1.407
1632295239.953,1.406,1.407
1632295240.252,1.407,1.407
1632295240.551,1.407,1.407
1632295240.883,1.406,1.407
1632295241.154,1.406,1.407
1632295241.453,1.406,1.407
1632295241.764,1.406,1.407
1632295242.051,1.406,1.407
1632295242.354,1.404,1.407
1632295242.653,1.404,1.407
1632295242.981,1.404,1.406
1632295243.251,1.404,1.406
1632295243.55,1.404,1.406
1632295243.865,1.404,1.406
1632295244.152,1.404,1.406
1632295244.451,1.404,1.406
1632295244.75,1.404,1.406
1632295245.082,1.404,1.406
1632295245.352,1.402,1.404
1632295245.651,1.402,1.404
1632295245.963,1.402,1.404
1632295246.25,1.402,1.404
1632295246.549,1.402,1.404
1632295246.852,1.402,1.404
1632295247.179,1.402,1.404
1632295247.45,1.402,1.404
1632295247.749,1.402,1.404
1632295248.064,1.402,1.404
1632295248.351,1.402,1.402
1632295248.65,1.402,1.402
1632295248.949,1.402,1.402
1632295249.281,1.402,1.402
1632295249.551,1.402,1.402
1632295249.85,1.402,1.402
1632295250.161,1.404,1.402
1632295250.448,1.402,1.404
1632295250.747,1.404,1.404
1632295251.05,1.404,1.404
1632295251.378,1.404,1.404
1632295251.648,1.404,1.404
1632295251.947,1.404,1.404
1632295252.263,1.404,1.404
1632295252.55,1.404,1.404
1632295252.849,1.404,1.404
1632295253.148,1.404,1.404
1632295253.479,1.404,1.404
1632295253.746,1.404,1.404
1632295254.049,1.404,1.404
1632295254.36,1.404,1.404
1632295254.647,1.406,1.404
1632295254.946,1.406,1.406
1632295255.249,1.406,1.406
1632295255.548,1.406,1.406
1632295255.847,1.406,1.406
1632295256.146,1.406,1.406
1632295256.445,1.406,1.406
1632295256.748,1.406,1.406
1632295257.047,1.406,1.406
1632295257.346,1.406,1.406
1632295257.645,1.406,1.406
1632295257.944,1.406,1.406
1632295258.248,1.406,1.406
1632295258.547,1.406,1.406
1632295258.846,1.406,1.406
1632295259.145,1.406,1.406
1632295259.444,1.406,1.406
1632295259.755,1.404,1.406
1632295260.046,1.404,1.406
1632295260.345,1.404,1.406
1632295260.644,1.404,1.406
1632295260.967,1.404,1.406
1632295261.246,1.404,1.406
1632295261.545,1.404,1.406
1632295261.852,1.404,1.406
1632295262.143,1.404,1.406
1632295262.446,1.404,1.406
1632295262.745,1.404,1.404
1632295263.069,1.404,1.404
1632295263.343,1.404,1.404
1632295263.642,1.404,1.404
1632295263.95,1.404,1.404
1632295264.245,1.404,1.404
1632295264.544,1.404,1.404
1632295264.843,1.404,1.404
1632295265.166,1.404,1.404
1632295265.445,1.404,1.404
1632295265.744,1.404,1.404
1632295266.051,1.404,1.404
1632295266.342,1.404,1.404
1632295266.641,1.404,1.404
1632295266.944,1.404,1.404
1632295267.263,1.404,1.404
1632295267.542,1.404,1.404
1632295267.841,1.404,1.404
1632295268.148,1.404,1.404
1632295268.443,1.404,1.404
1632295268.742,1.404,1.404
1632295269.041,1.404,1.404
1632295269.365,1.404,1.404
1632295269.643,1.404,1.404
1632295269.943,1.404,1.404
1632295270.245,1.404,1.404
1632295270.541,1.404,1.404
1632295270.84,1.406,1.404
1632295271.143,1.406,1.406
1632295271.462,1.406,1.406
1632295271.741,1.406,1.406
1632295272.04,1.406,1.406
1632295272.347,1.406,1.406
1632295272.642,1.406,1.406
1632295272.941,1.406,1.406
1632295273.24,1.406,1.406
1632295273.563,1.407,1.406
1632295273.842,1.406,1.407
1632295274.141,1.406,1.407
1632295274.444,1.407,1.407
1632295274.739,1.407,1.407
1632295275.038,1.407,1.407
1632295275.341,1.407,1.407
1632295275.661,1.407,1.407
1632295275.939,1.407,1.407
1632295276.238,1.407,1.407
1632295276.545,1.407,1.407
1632295276.841,1.407,1.407
1632295277.14,1.407,1.407
1632295277.438,1.407,1.407
1632295277.762,1.407,1.407
1632295278.037,1.409,1.407
1632295278.34,1.409,1.409
1632295278.643,1.409,1.409
1632295278.938,1.409,1.409
1632295279.237,1.409,1.409
1632295279.536,1.409,1.409
1632295279.86,1.409,1.409
1632295280.138,1.409,1.409
1632295280.437,1.409,1.409
1632295280.744,1.409,1.409
1632295281.039,1.411,1.409
1632295281.338,1.409,1.411
1632295281.637,1.409,1.411
1632295281.961,1.409,1.411
1632295282.236,1.409,1.411
1632295282.539,1.409,1.411
1632295282.842,1.409,1.411
1632295283.137,1.409,1.411
1632295283.436,1.409,1.411
1632295283.735,1.409,1.411
1632295284.058,1.409,1.411
1632295284.337,1.409,1.409
1632295284.636,1.409,1.409
1632295284.943,1.409,1.409
1632295285.234,1.409,1.409
1632295285.537,1.407,1.409
1632295285.836,1.407,1.409
1632295286.16,1.407,1.409
1632295286.434,1.407,1.409
1632295286.737,1.407,1.409
1632295287.04,1.407,1.409
1632295287.335,1.407,1.409
1632295287.634,1.407,1.409
1632295287.933,1.407,1.409
1632295288.257,1.407,1.409
1632295288.536,1.407,1.407
1632295288.835,1.407,1.407
1632295289.142,1.407,1.407
1632295289.433,1.407,1.407
1632295289.736,1.407,1.407
1632295290.035,1.407,1.407
1632295290.334,1.407,1.407
1632295290.633,1.407,1.407
1632295290.932,1.406,1.407
1632295291.235,1.406,1.407
1632295291.534,1.406,1.407
1632295291.833,1.406,1.407
1632295292.132,1.406,1.407
1632295292.431,1.406,1.407
1632295292.734,1.406,1.407
1632295293.033,1.406,1.407
1632295293.332,1.406,1.407
1632295293.631,1.406,1.407
1632295293.934,1.406,1.406
1632295294.233,1.406,1.406
1632295294.536,1.406,1.406
1632295294.864,1.406,1.406
1632295295.131,1.406,1.406
1632295295.434,1.406,1.406
1632295295.749,1.406,1.406
1632295296.032,1.406,1.406
1632295296.331,1.407,1.406
1632295296.634,1.406,1.407
1632295296.962,1.406,1.407
1632295297.232,1.406,1.407
1632295297.531,1.406,1.407
1632295297.846,1.406,1.407
1632295298.129,1.407,1.407
1632295298.432,1.407,1.407
1632295298.731,1.407,1.407
1632295299.063,1.407,1.407
1632295299.329,1.407,1.407
1632302603.731,1.36,1.344
1632302604.03,1.364,1.346
1632302604.333,1.366,1.348
1632302604.632,1.37,1.352
1632302604.931,1.374,1.354
1632302605.23,1.376,1.358
1632302605.533,1.378,1.36
1632302605.832,1.38,1.364
1632302606.131,1.382,1.368
1632302606.43,1.384,1.372
1632302606.729,1.386,1.374
1632302607.032,1.386,1.376
1632302607.331,1.388,1.38
1632302607.63,1.39,1.382
1632302607.929,1.39,1.384
1632302608.228,1.392,1.384
1632302608.531,1.392,1.386
1632302608.859,1.392,1.388
1632302609.129,1.392,1.39
1632302609.428,1.394,1.39
1632302609.744,1.394,1.392
1632302610.031,1.394,1.392
1632302610.33,1.396,1.392
1632302610.629,1.396,1.394
1632302610.956,1.396,1.394
1632302611.231,1.398,1.394
1632302611.53,1.398,1.396
1632302611.841,1.398,1.396
1632302612.128,1.4,1.396
1632302612.427,1.4,1.398
1632302612.73,1.4,1.398
1632302613.058,1.4,1.398
1632302613.328,1.4,1.4
1632302613.627,1.402,1.4
1632302613.938,1.402,1.4
1632302614.229,1.402,1.4
1632302614.528,1.402,1.402
1632302614.827,1.402,1.402
1632302615.155,1.402,1.402
1632302615.426,1.402,1.402
1632302615.729,1.402,1.402
1632302616.04,1.402,1.402
1632302616.327,1.404,1.402
1632302616.626,1.402,1.404
1632302616.925,1.402,1.404
1632302617.252,1.404,1.404
1632302617.527,1.404,1.404
1632302617.826,1.404,1.404
1632302618.137,1.404,1.404
1632302618.428,1.404,1.404
1632302618.727,1.404,1.404
1632302619.026,1.404,1.404
1632302619.354,1.404,1.404
1632302619.624,1.404,1.404
1632302619.927,1.404,1.404
1632302620.238,1.404,1.404
1632302620.525,1.4,1.404
1632302620.824,1.404,1.404
1632302621.123,1.404,1.404
1632302621.451,1.404,1.404
1632302621.725,1.404,1.404
1632302622.024,1.404,1.404
1632302622.336,1.404,1.404
1632302622.623,1.406,1.404
1632302622.926,1.404,1.404
1632302623.225,1.404,1.404
1632302623.552,1.404,1.404
1632302623.823,1.404,1.406
1632302624.126,1.404,1.406
1632302624.437,1.404,1.406
1632302624.724,1.406,1.406
1632302625.023,1.404,1.406
1632302625.322,1.404,1.406
1632302625.65,1.404,1.406
1632302625.924,1.404,1.406
1632302626.223,1.404,1.406
1632302626.534,1.404,1.406
1632302626.821,1.404,1.406
1632302627.124,1.404,1.406
1632302627.423,1.404,1.406
1632302627.751,1.404,1.406
1632302628.022,1.404,1.404
1632302628.321,1.404,1.404
1632302628.636,1.404,1.404
1632302628.923,1.404,1.404
1632302629.222,1.404,1.404
1632302629.521,1.404,1.404
1632302629.848,1.402,1.404
1632302630.123,1.404,1.404
1632302630.422,1.404,1.404
1632302630.733,1.404,1.404
1632302631.02,1.404,1.404
1632302631.323,1.402,1.404
1632302631.622,1.402,1.404
1632302631.95,1.402,1.404
1632302632.22,1.402,1.404
1632302632.519,1.402,1.404
1632302632.835,1.402,1.404
1632302633.121,1.402,1.404
1632302633.42,1.402,1.404
1632302633.719,1.402,1.404
1632302634.047,1.402,1.404
1632302634.322,1.402,1.402
1632302634.621,1.402,1.402
1632302634.932,1.402,1.402
1632302635.219,1.402,1.402
1632302635.518,1.402,1.402
1632302635.821,1.402,1.402
1632302636.149,1.402,1.402
1632302636.419,1.402,1.402
1632302636.718,1.402,1.402
1632302637.033,1.402,1.402
1632302637.32,1.402,1.402
1632302637.619,1.402,1.402
1632302637.918,1.402,1.402
1632302638.246,1.402,1.402
1632302638.52,1.402,1.402
1632302638.819,1.402,1.402
1632302639.118,1.402,1.402
1632302639.417,1.402,1.402
1632302639.717,1.402,1.402
1632302640.02,1.402,1.402
1632302640.319,1.402,1.402
1632302640.618,1.402,1.402
1632302640.917,1.402,1.402
1632302641.216,1.402,1.402
1632302641.519,1.402,1.402
1632302641.818,1.402,1.402
1632302642.117,1.402,1.402
1632302642.416,1.402,1.402
1632302642.715,1.402,1.402
1632302643.018,1.402,1.402
1632302643.317,1.402,1.402
1632302643.641,1.4,1.402
1632302643.915,1.402,1.402
1632302644.218,1.4,1.402
1632302644.521,1.4,1.402
1632302644.816,1.402,1.402
1632302645.115,1.402,1.402
1632302645.414,1.402,1.402
1632302645.738,1.402,1.402
1632302646.017,1.402,1.402
1632302646.316,1.402,1.402
1632302646.623,1.402,1.402
1632302646.914,1.4,1.402
1632302647.217,1.402,1.402
1632302647.516,1.402,1.402
1632302647.835,1.402,1.402
1632302648.114,1.402,1.402
1632302648.413,1.402,1.402
1632302648.72,1.402,1.402
1632302649.015,1.402,1.402
1632302649.314,1.402,1.402
1632302649.613,1.402,1.402
1632302649.937,1.404,1.402
1632302650.215,1.402,1.404
1632302650.514,1.402,1.404
1632302650.817,1.404,1.404
1632302651.112,1.402,1.404
1632302651.415,1.404,1.404
1632302651.714,1.404,1.404
1632302652.034,1.404,1.404
1632302652.313,1.404,1.404
1632302652.612,1.404,1.404
1632302652.915,1.404,1.404
1632302653.214,1.404,1.404
1632302653.513,1.404,1.404
1632302653.812,1.404,1.404
1632302654.131,1.404,1.404
1632302654.414,1.404,1.404
1632302654.713,1.404,1.404
1632302655.016,1.404,1.404
1632302655.311,1.404,1.404
1632302655.61,1.404,1.404
1632302655.913,1.404,1.404
1632302656.233,1.404,1.404
1632302656.511,1.404,1.404
1632302656.81,1.404,1.404
1632302657.117,1.404,1.404
1632302657.412,1.404,1.404
1632302657.712,1.404,1.404
1632302658.01,1.404,1.404
1632302658.33,1.404,1.404
1632302658.613,1.404,1.404
1632302658.912,1.404,1.404
1632302659.215,1.404,1.404
1632302659.51,1.4,1.404
1632302659.809,1.404,1.404
1632302660.112,1.404,1.404
1632302660.431,1.404,1.404
1632302660.71,1.404,1.404
1632302661.009,1.404,1.404
1632302661.316,1.404,1.404
1632302661.611,1.404,1.404
1632302661.91,1.404,1.404
1632302662.209,1.404,1.404
1632302662.529,1.404,1.404
1632302662.811,1.404,1.404
1632302663.11,1.404,1.404
1632302663.413,1.404,1.404
1632302663.708,1.404,1.404
1632302664.007,1.404,1.404
1632302664.31,1.404,1.404
1632302664.63,1.404,1.404
1632302664.909,1.404,1.404
1632302665.208,1.404,1.404
1632302665.515,1.404,1.404
1632302665.81,1.404,1.404
1632302666.109,1.404,1.404
1632302666.408,1.404,1.404
1632302666.727,1.404,1.404
1632302669.923,1.404,1.404
1632302669.931,1.404,1.404
1632302882.166,1.406,1.406
1632302882.171,1.406,1.406
1632302883.298,1.356,4.74
1632302883.598,1.36,1.348
1632302883.901,1.364,1.35
1632302884.2,1.368,1.352
1632302884.499,1.372,1.354
1632302884.798,1.374,1.356
1632302885.097,1.378,1.36
1632302885.4,1.38,1.362
1632302885.699,1.382,1.366
1632302885.998,1.384,1.37
1632302886.297,1.386,1.372
1632302886.596,1.388,1.376
1632302886.899,1.39,1.378
1632302887.198,1.392,1.382
1632302887.497,1.392,1.384
1632302887.796,1.394,1.386
1632302888.095,1.394,1.388
1632302888.398,1.394,1.39
1632302888.726,1.394,1.39
1632302888.997,1.396,1.392
1632302889.296,1.398,1.392
1632302889.611,1.398,1.394
1632302889.898,1.398,1.396
1632302890.197,1.4,1.396
1632302890.496,1.4,1.396
1632302890.823,1.4,1.398
1632302891.098,1.4,1.398
1632302891.397,1.4,1.398
1632302891.708,1.402,1.4
1632302891.995,1.402,1.4
1632302892.294,1.402,1.4
1632302892.597,1.402,1.402
1632302892.925,1.402,1.402
1632302893.195,1.404,1.402
1632302893.494,1.404,1.402
1632302893.805,1.404,1.402
1632302894.096,1.404,1.404
1632302894.395,1.404,1.404
1632302894.694,1.404,1.404
1632302895.022,1.404,1.404
1632302895.292,1.404,1.404
1632302895.595,1.404,1.404
1632302895.907,1.404,1.404
1632302896.194,1.406,1.404
1632302896.493,1.404,1.406
1632302896.796,1.404,1.406
1632302897.119,1.406,1.406
1632302897.394,1.406,1.406
1632302897.693,1.406,1.406
1632302898.004,1.406,1.406
1632302898.295,1.406,1.406
1632302898.594,1.406,1.406
1632302898.893,1.406,1.406
1632302899.221,1.406,1.406
1632302899.491,1.406,1.406
1632302899.794,1.406,1.406
1632302900.105,1.406,1.406
1632302900.392,1.406,1.406
1632302900.691,1.406,1.406
1632302900.99,1.406,1.406
1632302901.318,1.406,1.406
1632302901.593,1.406,1.406
1632302901.892,1.406,1.406
1632302902.203,1.406,1.406
1632302902.494,1.406,1.406
1632302902.793,1.406,1.406
1632302903.092,1.406,1.406
1632302903.419,1.406,1.406
1632302903.69,1.404,1.406
1632302903.993,1.404,1.406
1632302904.304,1.404,1.406
1632302904.591,1.404,1.406
1632302904.89,1.404,1.406
1632302905.189,1.404,1.406
1632302905.517,1.404,1.406
1632302905.791,1.404,1.406
1632302906.09,1.404,1.406
1632302906.401,1.404,1.406
1632302906.688,1.404,1.404
1632302906.992,1.404,1.404
1632302907.29,1.404,1.404
1632302907.618,1.402,1.404
1632302907.889,1.402,1.404
1632302908.188,1.402,1.404
1632302908.503,1.402,1.404
1632302908.79,1.404,1.404
1632302909.089,1.402,1.404
1632302909.388,1.402,1.404
1632302909.715,1.402,1.404
1632302909.99,1.402,1.404
1632302910.289,1.402,1.404
1632302910.6,1.402,1.404
1632302910.887,1.404,1.404
1632302911.19,1.402,1.404
1632302911.489,1.402,1.404
1632302911.817,1.402,1.404
1632302912.087,1.402,1.404
1632302912.386,1.402,1.404
1632302912.702,1.402,1.404
1632302912.989,1.404,1.404
1632302913.287,1.402,1.404
1632302913.586,1.402,1.404
1632302913.914,1.402,1.404
1632302914.189,1.402,1.404
1632302914.488,1.402,1.404
1632302914.799,1.402,1.404
1632302915.086,1.404,1.404
1632302915.389,1.402,1.404
1632302915.688,1.402,1.404
1632302916.015,1.402,1.404
1632302916.286,1.402,1.404
1632302916.585,1.402,1.404
1632302916.9,1.402,1.404
1632302917.187,1.404,1.404
1632302917.486,1.402,1.404
1632302917.785,1.402,1.404
1632302918.113,1.402,1.404
1632302918.387,1.402,1.404
1632302918.686,1.404,1.404
1632302918.986,1.404,1.404
1632302919.284,1.404,1.404
1632302919.584,1.404,1.404
1632302919.887,1.404,1.404
1632302920.186,1.404,1.404
1632302920.485,1.404,1.404
1632302920.784,1.404,1.404
1632302921.083,1.404,1.404
1632302921.386,1.404,1.404
1632302921.685,1.404,1.404
1632302921.984,1.404,1.404
1632302922.283,1.404,1.404
1632302922.586,1.404,1.404
1632302922.885,1.404,1.404
1632302923.184,1.404,1.404
1632302923.508,1.404,1.404
1632302923.782,1.404,1.404
1632302924.085,1.404,1.404
1632302924.388,1.404,1.404
1632302924.683,1.406,1.404
1632302924.982,1.404,1.406
1632302925.281,1.404,1.406
1632302925.605,1.404,1.406
1632302925.884,1.404,1.406
1632302926.183,1.404,1.406
1632302926.49,1.404,1.406
1632302926.781,1.404,1.406
1632302927.084,1.404,1.406
1632302927.383,1.404,1.406
1632302927.702,1.404,1.406
1632302927.981,1.404,1.404
1632302928.284,1.404,1.404
1632302928.587,1.404,1.404
1632302928.882,1.404,1.404
1632302929.181,1.404,1.404
1632302929.48,1.404,1.404
1632302929.804,1.404,1.404
1632302930.082,1.404,1.404
1632302930.381,1.404,1.404
1632302930.684,1.404,1.404
1632302930.979,1.404,1.404
1632302931.282,1.404,1.404
1632302931.581,1.404,1.404
1632302931.901,1.404,1.404
1632302932.18,1.404,1.404
1632302932.479,1.404,1.404
1632302932.786,1.404,1.404
1632302933.081,1.4,1.404
1632302933.38,1.404,1.404
1632302933.679,1.404,1.404
1632302934.002,1.404,1.404
1632302934.281,1.404,1.404
1632302934.58,1.404,1.404
1632302934.883,1.404,1.404
1632302935.178,1.404,1.404
1632302935.481,1.404,1.404
1632302935.78,1.404,1.404
1632302936.1,1.404,1.404
1632302936.378,1.404,1.404
1632302936.677,1.404,1.404
1632302936.984,1.404,1.404
1632302937.279,1.404,1.404
1632302937.579,1.404,1.404
1632302937.878,1.404,1.404
1632302938.201,1.404,1.404
1632302938.48,1.404,1.404
1632302938.779,1.404,1.404
1632302939.082,1.404,1.404
1632302939.377,1.404,1.404
1632302939.676,1.404,1.404
1632302939.979,1.404,1.404
1632302940.298,1.404,1.404
1632302940.577,1.404,1.404
1632302940.876,1.404,1.404
1632302941.183,1.404,1.404
1632302941.478,1.404,1.404
1632302941.777,1.404,1.404
1632302942.076,1.404,1.404
1632302942.4,1.404,1.404
1632302942.678,1.404,1.404
1632302942.977,1.404,1.404
1632302943.28,1.406,1.404
1632302943.576,1.404,1.406
1632302943.875,1.404,1.406
1632302944.178,1.404,1.406
1632302944.497,1.404,1.406
1632302944.776,1.404,1.406
1632302945.075,1.404,1.406
1632302945.382,1.404,1.406
1632302945.677,1.404,1.406
1632302945.976,1.404,1.406
1632302946.275,1.404,1.406
1632302946.598,1.404,1.404
1632302946.873,1.404,1.404
1632302947.176,1.404,1.404
1632302947.479,1.404,1.404
1632302947.774,1.404,1.404
1632302948.073,1.404,1.404
1632302948.376,1.404,1.404
1632302948.696,1.404,1.404
1632302948.974,1.404,1.404
1632302949.274,1.404,1.404
1632302949.581,1.404,1.404
1632302949.876,1.404,1.404
1632302950.175,1.404,1.404
1632302950.474,1.404,1.404
1632302950.797,1.404,1.404
1632302951.072,1.404,1.404
1632302951.375,1.404,1.404
1632302951.678,1.404,1.404
1632302951.973,1.402,1.404
1632302952.272,1.404,1.404
1632302952.571,1.404,1.404
1632302952.895,1.404,1.404
1632302953.173,1.404,1.404
1632302953.472,1.404,1.404
1632302953.771,1.404,1.404
1632302954.07,1.404,1.404
1632302954.373,1.404,1.404
1632302954.672,1.404,1.404
1632302954.971,1.404,1.404
1632302955.27,1.404,1.404
1632302955.573,1.404,1.404
1632302955.873,1.402,1.404
1632302956.171,1.402,1.404
1632302956.471,1.402,1.404
1632302956.77,1.402,1.404
1632302957.073,1.402,1.404
1632302957.372,1.4,1.404
1632302957.671,1.402,1.404
1632302957.97,1.402,1.404
1632302958.269,1.402,1.404
1632302958.572,1.402,1.402
1632302958.871,1.402,1.402
1632302959.17,1.402,1.402
1632302959.502,1.402,1.402
1632302959.768,1.402,1.402
1632302960.071,1.402,1.402
1632302960.386,1.402,1.402
1632302960.669,1.402,1.402
1632302960.968,1.402,1.402
1632302961.271,1.402,1.402
1632302961.599,1.402,1.402
1632302961.869,1.402,1.402
1632302962.168,1.402,1.402
1632302962.484,1.402,1.402
1632302962.771,1.402,1.402
1632302963.07,1.402,1.402
1632302963.369,1.402,1.402
1632302963.696,1.402,1.402
1632302963.967,1.402,1.402
1632302964.27,1.402,1.402
1632302964.581,1.402,1.402
1632302964.868,1.402,1.402
1632302965.167,1.402,1.402
1632302965.466,1.402,1.402
1632302965.798,1.402,1.402
1632302966.068,1.402,1.402
1632302966.367,1.402,1.402
1632302966.678,1.402,1.402
1632302966.965,1.402,1.402
1632302967.268,1.402,1.402
1632302967.567,1.402,1.402
1632302967.895,1.402,1.402
1632302968.166,1.402,1.402
1632302968.468,1.402,1.402
1632302968.78,1.402,1.402
1632302969.067,1.402,1.402
1632302969.366,1.402,1.402
1632302969.665,1.402,1.402
1632302969.996,1.402,1.402
1632302970.267,1.402,1.402
1632302970.566,1.402,1.402
1632302970.877,1.402,1.402
1632302971.164,1.402,1.402
1632302971.467,1.402,1.402
1632302971.766,1.402,1.402
1632302972.094,1.402,1.402
1632302972.364,1.402,1.402
1632302972.663,1.402,1.402
1632302972.979,1.402,1.402
1632302973.266,1.402,1.402
1632302973.565,1.402,1.402
1632302973.863,1.402,1.402
1632302974.195,1.402,1.402
1632302974.466,1.402,1.402
1632302974.765,1.402,1.402
1632302975.076,1.402,1.402
1632302975.363,1.402,1.402
1632302975.666,1.402,1.402
1632302975.965,1.402,1.402
1632302976.293,1.402,1.402
1632302976.563,1.402,1.402
1632302976.862,1.402,1.402
1632302977.177,1.402,1.402
1632302977.464,1.402,1.402
1632302977.763,1.402,1.402
1632302978.062,1.402,1.402
1632302978.394,1.402,1.402
1632302978.664,1.402,1.402
1632302978.963,1.402,1.402
1632302979.275,1.402,1.402
1632302979.561,1.404,1.402
1632302979.86,1.402,1.404
1632302980.163,1.402,1.404
1632302980.491,1.402,1.404
1632302980.762,1.402,1.404
1632302981.061,1.402,1.404
1632302981.376,1.402,1.404
1632302981.663,1.402,1.404
1632302981.962,1.402,1.404
1632302982.261,1.402,1.404
1632302982.593,1.402,1.404
1632302982.863,1.402,1.402
1632302983.162,1.402,1.402
1632302983.473,1.402,1.402
1632302983.76,1.402,1.402
1632302984.059,1.402,1.402
1632302984.362,1.402,1.402
1632302984.69,1.402,1.402
1632302984.96,1.402,1.402
1632302985.259,1.402,1.402
1632302985.575,1.402,1.402
1632302985.861,1.402,1.402
1632302986.161,1.402,1.402
1632302986.459,1.402,1.402
1632302986.791,1.402,1.402
1632302987.062,1.402,1.402
1632302987.361,1.404,1.402
1632302987.672,1.402,1.404
1632302987.959,1.402,1.404
1632302988.258,1.402,1.404
1632302988.561,1.404,1.404
1632302988.86,1.404,1.404
1632302989.159,1.404,1.404
1632302989.458,1.404,1.404
1632302989.757,1.404,1.404
1632302990.06,1.404,1.404
1632302990.359,1.404,1.404
1632302990.658,1.404,1.404
1632302990.957,1.404,1.404
1632302991.256,1.404,1.404
1632302991.559,1.404,1.404
1632302991.859,1.404,1.404
1632302992.158,1.404,1.404
1632302992.457,1.404,1.404
1632302992.756,1.404,1.404
1632302993.059,1.404,1.404
1632302993.358,1.402,1.404
1632302993.657,1.402,1.404
1632302993.956,1.402,1.404
1632302994.279,1.402,1.404
1632302994.558,1.402,1.404
1632302994.857,1.402,1.404
1632302995.164,1.402,1.404
1632302995.455,1.402,1.404
1632302995.758,1.402,1.404
1632302996.057,1.402,1.404
1632302996.381,1.402,1.402
1632302996.655,1.402,1.402
1632302996.954,1.402,1.402
1632302997.262,1.402,1.402
1632302997.556,1.4,1.402
1632302997.856,1.402,1.402
1632302998.155,1.4,1.402
1632302998.478,1.402,1.402
1632302998.757,1.4,1.402
1632302999.056,1.4,1.402
1632302999.363,1.4,1.402
1632302999.654,1.4,1.402
1632302999.953,1.4,1.402
1632303000.256,1.4,1.402
1632303000.575,1.4,1.402
1632303000.854,1.4,1.402
1632303001.153,1.4,1.402
1632303001.46,1.4,1.402
1632303001.755,1.398,1.4
1632303002.054,1.4,1.4
1632303002.353,1.4,1.4
1632303002.677,1.4,1.4
1632303002.955,1.4,1.4
1632303003.254,1.4,1.4
1632303003.558,1.4,1.4
1632303003.852,1.398,1.4
1632303004.151,1.4,1.4
1632303004.454,1.4,1.4
1632303004.774,1.4,1.4
1632303005.053,1.4,1.4
1632303005.352,1.4,1.4
1632303005.659,1.4,1.4
1632303005.954,1.4,1.4
1632303006.253,1.4,1.4
1632303006.552,1.4,1.4
1632303006.875,1.4,1.4
1632303007.154,1.4,1.4
1632303007.453,1.4,1.4
1632303007.756,1.4,1.4
1632303008.051,1.4,1.4
1632303008.35,1.4,1.4
1632303008.653,1.4,1.4
1632303008.973,1.4,1.4
1632303009.251,1.4,1.4
1632303009.55,1.4,1.4
1632303009.858,1.4,1.4
1632303010.153,1.4,1.4
1632303010.452,1.4,1.4
1632303010.751,1.4,1.4
1632303011.074,1.402,1.4
1632303011.349,1.402,1.402
1632303011.652,1.402,1.402
1632303011.955,1.402,1.402
1632303012.25,1.4,1.402
1632303012.549,1.402,1.402
1632303012.848,1.402,1.402
1632303013.171,1.402,1.402
1632303013.45,1.402,1.402
1632303013.749,1.402,1.402
1632303014.056,1.402,1.402
1632303014.351,1.402,1.402
1632303014.65,1.402,1.402
1632303014.949,1.402,1.402
1632303015.273,1.402,1.402
1632303015.547,1.402,1.402
1632303015.85,1.402,1.402
1632303016.154,1.402,1.402
1632303016.449,1.402,1.402
1632303016.748,1.402,1.402
1632303017.046,1.402,1.402
1632303017.37,1.402,1.402
1632303017.649,1.402,1.402
1632303017.948,1.402,1.402
1632303018.255,1.402,1.402
1632303018.546,1.402,1.402
1632303018.849,1.402,1.402
1632303019.148,1.402,1.402
1632303019.471,1.402,1.402
1632303019.746,1.402,1.402
1632303020.049,1.402,1.402
1632303020.352,1.402,1.402
1632303020.647,1.402,1.402
1632303020.946,1.402,1.402
1632303021.245,1.402,1.402
1632303021.569,1.402,1.402
1632303021.848,1.402,1.402
1632303022.146,1.402,1.402
1632303022.454,1.402,1.402
1632303022.744,1.404,1.402
1632303023.048,1.402,1.404
1632303023.347,1.402,1.404
1632303023.646,1.402,1.404
1632303023.945,1.402,1.404
1632303024.244,1.402,1.404
1632303024.547,1.402,1.404
1632303024.846,1.402,1.404
1632303025.145,1.402,1.404
1632303025.444,1.402,1.404
1632303025.743,1.402,1.404
1632303026.046,1.402,1.402
1632303026.345,1.402,1.402
1632303026.644,1.402,1.402
1632303026.943,1.402,1.402
1632303027.246,1.402,1.402
1632303027.545,1.402,1.402
1632303027.844,1.402,1.402
1632303028.144,1.4,1.402
1632303028.442,1.402,1.402
1632303028.746,1.4,1.402
1632303029.061,1.4,1.402
1632303029.344,1.4,1.402
1632303029.643,1.4,1.402
1632303029.946,1.4,1.402
1632303030.277,1.4,1.402
1632303030.544,1.4,1.402
1632303030.843,1.4,1.402
1632303031.158,1.4,1.402
1632303031.441,1.4,1.402
1632303031.744,1.4,1.4
1632303032.043,1.4,1.4
1632303032.375,1.4,1.4
1632303032.641,1.4,1.4
1632303032.94,1.4,1.4
1632303033.256,1.4,1.4
1632303033.542,1.4,1.4
1632303033.841,1.4,1.4
1632303034.141,1.4,1.4
1632303034.472,1.4,1.4
1632303034.743,1.4,1.4
1632303035.042,1.4,1.4
1632303035.357,1.4,1.4
1632303035.64,1.398,1.4
1632303035.943,1.398,1.4
1632303036.242,1.398,1.4
1632303036.57,1.398,1.4
1632303036.84,1.398,1.4
1632303037.139,1.398,1.4
1632303037.454,1.398,1.4
1632303037.741,1.4,1.4
1632303038.04,1.398,1.4
1632303038.339,1.398,1.4
1632303038.671,1.398,1.4
1632303038.941,1.398,1.4
1632303039.24,1.398,1.4
1632303039.552,1.4,1.4
1632303039.838,1.4,1.4
1632303040.141,1.398,1.4
1632303040.44,1.398,1.4
1632303040.768,1.398,1.4
1632303041.038,1.398,1.4
1632303041.338,1.398,1.4
1632303041.653,1.398,1.4
1632303041.94,1.398,1.4
1632303042.239,1.398,1.4
1632303042.538,1.398,1.4
1632303042.869,1.398,1.4
1632303043.14,1.398,1.398
1632303043.439,1.398,1.398
1632303043.75,1.398,1.398
1632303044.037,1.398,1.398
1632303044.336,1.398,1.398
1632303044.639,1.398,1.398
1632303044.967,1.398,1.398
1632303045.237,1.4,1.398
1632303045.536,1.4,1.4
1632303045.852,1.4,1.4
1632303046.139,1.4,1.4
1632303046.438,1.4,1.4
1632303046.737,1.4,1.4
1632303047.068,1.4,1.4
1632303047.339,1.4,1.4
1632303047.638,1.4,1.4
1632303047.949,1.4,1.4
1632303048.236,1.4,1.4
1632303048.535,1.4,1.4
1632303048.838,1.4,1.4
1632303049.166,1.4,1.4
1632303049.436,1.4,1.4
1632303049.735,1.4,1.4
1632303050.05,1.4,1.4
1632303050.337,1.4,1.4
1632303050.636,1.4,1.4
1632303050.935,1.4,1.4
1632303051.267,1.4,1.4
1632303051.533,1.4,1.4
1632303051.837,1.4,1.4
1632303052.148,1.4,1.4
1632303052.434,1.4,1.4
1632303052.734,1.4,1.4
1632303053.033,1.4,1.4
1632303053.364,1.4,1.4
1632303053.635,1.4,1.4
1632303053.934,1.4,1.4
1632303054.249,1.4,1.4
1632303054.536,1.4,1.4
1632303054.835,1.4,1.4
1632303055.134,1.4,1.4
1632303055.462,1.4,1.4
1632303055.732,1.4,1.4
1632303056.035,1.4,1.4
1632303056.346,1.4,1.4
1632303056.633,1.4,1.4
1632303056.932,1.4,1.4
1632303057.231,1.4,1.4
1632303057.563,1.4,1.4
1632303057.833,1.4,1.4
1632303058.132,1.4,1.4
1632303058.448,1.402,1.4
1632303058.731,1.402,1.402
1632303059.034,1.402,1.402
1632303059.333,1.402,1.402
1632303059.632,1.402,1.402
1632303059.931,1.402,1.402
1632303060.234,1.402,1.402
1632303060.533,1.402,1.402
1632303060.832,1.402,1.402
1632303061.131,1.402,1.402
1632303061.43,1.402,1.402
1632303061.733,1.402,1.402
1632303062.032,1.402,1.402
1632303062.331,1.402,1.402
1632303062.63,1.402,1.402
1632303062.929,1.402,1.402
1632303063.232,1.402,1.402
1632303063.531,1.402,1.402
1632303063.838,1.402,1.402
1632303064.13,1.4,1.402
1632303064.429,1.402,1.402
1632303064.732,1.402,1.402
1632303065.055,1.402,1.402
1632303065.33,1.402,1.402
1632303065.629,1.402,1.402
1632303065.936,1.402,1.402
1632303066.231,1.4,1.402
1632303066.53,1.402,1.402
1632303066.829,1.402,1.402
1632303067.152,1.402,1.402
1632303067.431,1.402,1.402
1632303067.73,1.402,1.402
1632303068.037,1.402,1.402
1632303068.328,1.4,1.402
1632303068.627,1.402,1.402
1632303068.93,1.402,1.402
1632303069.25,1.402,1.402
1632303069.528,1.402,1.402
1632303069.827,1.402,1.402
1632303070.134,1.402,1.402
1632303070.43,1.402,1.402
1632303070.728,1.402,1.402
1632303071.027,1.402,1.402
1632303071.351,1.402,1.402
1632303071.626,1.402,1.402
1632303071.929,1.402,1.402
1632303072.232,1.402,1.402
1632303072.527,1.402,1.402
1632303072.826,1.402,1.402
1632303073.125,1.402,1.402
1632303073.448,1.402,1.402
1632303073.727,1.402,1.402
1632303074.026,1.402,1.402
1632303074.333,1.402,1.402
1632303074.628,1.396,1.402
1632303074.927,1.402,1.402
1632303075.226,1.402,1.402
1632303075.55,1.402,1.402
1632303075.824,1.402,1.402
1632303076.127,1.402,1.402
1632303076.43,1.402,1.402
1632303076.726,1.402,1.402
1632303077.024,1.402,1.402
1632303077.323,1.402,1.402
1632303077.647,1.402,1.402
1632303077.926,1.402,1.402
1632303078.225,1.402,1.402
1632303078.532,1.402,1.402
1632303078.823,1.4,1.402
1632303079.126,1.402,1.402
1632303079.425,1.402,1.402
1632303079.748,1.402,1.402
1632303080.023,1.402,1.402
1632303080.326,1.402,1.402
1632303080.629,1.402,1.402
1632303080.924,1.4,1.402
1632303081.223,1.402,1.402
1632303081.522,1.402,1.402
1632303081.846,1.402,1.402
1632303082.124,1.402,1.402
1632303082.423,1.402,1.402
1632303082.731,1.402,1.402
1632303083.021,1.4,1.402
1632303083.324,1.402,1.402
1632303083.623,1.402,1.402
1632303083.947,1.402,1.402
1632303084.222,1.402,1.402
1632303084.521,1.402,1.402
1632303084.828,1.402,1.402
1632303085.123,1.402,1.402
1632303085.422,1.402,1.402
1632303085.721,1.402,1.402
1632303086.045,1.402,1.402
1632303086.323,1.402,1.402
1632303086.622,1.402,1.402
1632303086.929,1.402,1.402
1632303087.22,1.402,1.402
1632303087.523,1.402,1.402
1632303087.822,1.402,1.402
1632303088.146,1.402,1.402
1632303088.42,1.402,1.402
1632303088.72,1.402,1.402
1632303089.027,1.402,1.402
1632303089.322,1.402,1.402
1632303089.621,1.402,1.402
1632303089.92,1.402,1.402
1632303090.243,1.402,1.402
1632303090.522,1.402,1.402
1632303090.821,1.402,1.402
1632303091.128,1.402,1.402
1632303091.419,1.4,1.402
1632303091.718,1.4,1.402
1632303092.021,1.4,1.402
1632303092.345,1.4,1.402
1632303092.619,1.4,1.402
1632303092.918,1.4,1.402
1632303093.225,1.4,1.402
1632303093.52,1.4,1.402
1632303093.819,1.4,1.402
1632303094.118,1.4,1.402
1632303094.418,1.4,1.4
1632303094.721,1.4,1.4
1632303095.02,1.4,1.4
1632303095.319,1.4,1.4
1632303095.618,1.4,1.4
1632303095.917,1.4,1.4
1632303096.22,1.4,1.4
1632303096.519,1.4,1.4
1632303096.818,1.398,1.4
1632303097.117,1.4,1.4
1632303097.416,1.4,1.4
1632303097.719,1.4,1.4
1632303098.018,1.4,1.4
1632303098.317,1.4,1.4
1632303098.62,1.398,1.4
1632303098.948,1.398,1.4
1632303099.218,1.398,1.4
1632303099.517,1.398,1.4
1632303099.833,1.398,1.4
1632303100.115,1.398,1.4
1632303100.418,1.398,1.4
1632303100.717,1.398,1.4
1632303101.049,1.398,1.4
1632303101.316,1.398,1.4
1632303101.615,1.398,1.398
1632303101.93,1.398,1.398
1632303102.217,1.398,1.398
1632303102.516,1.398,1.398
1632303102.815,1.398,1.398
1632303103.146,1.398,1.398
1632303103.417,1.398,1.398
1632303103.716,1.398,1.398
1632303104.031,1.398,1.398
1632303104.314,1.398,1.398
1632303104.613,1.398,1.398
1632303104.916,1.398,1.398
1632303105.244,1.398,1.398
1632303105.514,1.398,1.398
1632303105.813,1.398,1.398
1632303106.129,1.398,1.398
1632303106.415,1.398,1.398
1632303106.715,1.398,1.398
1632303107.013,1.398,1.398
1632303107.341,1.398,1.398
1632303107.616,1.398,1.398
1632303107.915,1.398,1.398
1632303108.226,1.398,1.398
1632303108.513,1.398,1.398
1632303108.812,1.398,1.398
1632303109.115,1.398,1.398
1632303109.443,1.398,1.398
1632303109.713,1.398,1.398
1632303110.012,1.398,1.398
1632303110.327,1.398,1.398
1632303110.614,1.398,1.398
1632303110.913,1.398,1.398
1632303111.212,1.398,1.398
1632303111.54,1.398,1.398
1632303111.81,1.398,1.398
1632303112.113,1.398,1.398
1632303112.425,1.398,1.398
1632303112.711,1.398,1.398
1632303113.011,1.398,1.398
1632303113.313,1.398,1.398
1632303113.641,1.398,1.398
1632303113.912,1.398,1.398
1632303114.211,1.398,1.398
1632303114.526,1.398,1.398
1632303114.813,1.4,1.398
1632303115.112,1.398,1.4
1632303115.411,1.398,1.4
1632303115.739,1.398,1.4
1632303116.009,1.398,1.4
1632303116.312,1.398,1.4
1632303116.623,1.398,1.4
1632303116.91,1.398,1.4
1632303117.209,1.398,1.4
1632303117.508,1.398,1.4
1632303117.84,1.398,1.4
1632303118.11,1.398,1.398
1632303118.409,1.398,1.398
1632303118.725,1.398,1.398
1632303119.008,1.398,1.398
1632303119.311,1.398,1.398
1632303119.61,1.398,1.398
1632303119.937,1.398,1.398
1632303120.208,1.398,1.398
