1632294518.183,449.0,446.0
1632294518.191,449.0,446.0
1632294519.321,470.0,0.0
1632294519.621,467.0,478.0
1632294519.919,465.0,477.0
1632294520.223,463.0,475.0
1632294520.522,461.0,473.0
1632294520.821,460.0,472.0
1632294521.12,459.0,470.0
1632294521.419,458.0,468.0
1632294521.722,457.0,466.0
1632294522.021,456.0,463.0
1632294522.32,455.0,461.0
1632294522.619,455.0,460.0
1632294522.922,454.0,458.0
1632294523.221,454.0,457.0
1632294523.52,453.0,456.0
1632294523.819,452.0,456.0
1632294524.118,451.0,455.0
1632294524.421,450.0,454.0
1632294524.749,450.0,453.0
1632294525.019,450.0,453.0
1632294525.318,449.0,452.0
1632294525.634,449.0,451.0
1632294525.921,449.0,451.0
1632294526.22,449.0,450.0
1632294526.519,450.0,450.0
1632294526.846,450.0,449.0
1632294527.117,450.0,449.0
1632294527.42,451.0,449.0
1632294527.731,451.0,449.0
1632294528.018,451.0,449.0
1632294528.317,451.0,449.0
1632294528.62,451.0,450.0
1632294528.948,451.0,450.0
1632294529.218,450.0,450.0
1632294529.517,449.0,450.0
1632294529.828,448.0,450.0
1632294530.119,448.0,450.0
1632294530.418,447.0,450.0
1632294530.717,447.0,449.0
1632294531.045,446.0,449.0
1632294531.316,446.0,448.0
1632294531.619,446.0,448.0
1632294531.926,446.0,447.0
1632294532.217,445.0,447.0
1632294532.516,446.0,446.0
1632294532.815,446.0,446.0
1632294533.142,446.0,446.0
1632294533.417,446.0,446.0
1632294533.716,446.0,446.0
1632294534.027,446.0,445.0
1632294534.318,446.0,445.0
1632294534.617,446.0,445.0
1632294534.916,446.0,445.0
1632294535.244,446.0,445.0
1632294535.514,446.0,446.0
1632294535.817,445.0,446.0
1632294536.124,444.0,445.0
1632294536.415,444.0,445.0
1632294536.714,445.0,445.0
1632294537.013,445.0,445.0
1632294537.341,444.0,445.0
1632294537.615,444.0,445.0
1632294537.914,444.0,444.0
1632294538.226,443.0,444.0
1632294538.513,443.0,444.0
1632294538.816,444.0,444.0
1632294539.115,445.0,444.0
1632294539.442,445.0,444.0
1632294539.713,445.0,444.0
1632294540.012,445.0,444.0
1632294540.323,445.0,444.0
1632294540.614,445.0,444.0
1632294540.913,445.0,444.0
1632294541.212,445.0,444.0
1632294541.54,445.0,444.0
1632294541.814,445.0,444.0
1632294542.113,444.0,445.0
1632294542.424,444.0,444.0
1632294542.711,443.0,444.0
1632294543.015,443.0,444.0
1632294543.313,443.0,444.0
1632294543.641,443.0,444.0
1632294543.912,443.0,444.0
1632294544.211,443.0,443.0
1632294544.522,443.0,443.0
1632294544.813,443.0,443.0
1632294545.112,444.0,443.0
1632294545.411,444.0,443.0
1632294545.738,445.0,443.0
1632294546.013,445.0,443.0
1632294546.312,445.0,443.0
1632294546.623,445.0,443.0
1632294546.91,445.0,444.0
1632294547.213,445.0,444.0
1632294547.512,445.0,444.0
1632294547.84,444.0,444.0
1632294548.11,444.0,444.0
1632294548.409,444.0,444.0
1632294548.721,443.0,444.0
1632294549.011,443.0,444.0
1632294549.31,443.0,444.0
1632294549.609,442.0,444.0
1632294549.937,442.0,443.0
1632294550.212,442.0,443.0
1632294550.511,443.0,443.0
1632294550.822,443.0,443.0
1632294551.109,443.0,442.0
1632294551.408,444.0,442.0
1632294551.711,444.0,442.0
1632294552.038,444.0,442.0
1632294552.309,444.0,443.0
1632294552.608,444.0,443.0
1632294552.919,444.0,443.0
1632294553.21,444.0,443.0
1632294553.509,444.0,443.0
1632294553.808,444.0,443.0
1632294554.136,443.0,443.0
1632294554.41,443.0,443.0
1632294554.709,442.0,443.0
1632294555.008,442.0,443.0
1632294555.307,441.0,443.0
1632294555.607,442.0,443.0
1632294555.91,442.0,442.0
1632294556.208,442.0,442.0
1632294556.508,442.0,442.0
1632294556.807,443.0,442.0
1632294557.106,443.0,442.0
1632294557.409,443.0,442.0
1632294557.708,444.0,442.0
1632294558.007,444.0,442.0
1632294558.306,444.0,442.0
1632294558.605,444.0,442.0
1632294558.908,445.0,443.0
1632294559.207,445.0,443.0
1632294559.531,445.0,443.0
1632294559.805,445.0,444.0
1632294560.108,444.0,444.0
1632294560.411,444.0,444.0
1632294560.706,443.0,444.0
1632294561.005,443.0,444.0
1632294561.304,443.0,444.0
1632294561.628,443.0,444.0
1632294561.906,442.0,444.0
1632294562.205,442.0,443.0
1632294562.513,442.0,443.0
1632294562.804,443.0,443.0
1632294563.107,443.0,442.0
1632294563.406,443.0,442.0
1632294563.725,443.0,442.0
1632294564.004,444.0,442.0
1632294564.303,444.0,442.0
1632294564.61,444.0,442.0
1632294564.905,444.0,443.0
1632294565.204,444.0,443.0
1632294565.503,444.0,443.0
1632294565.827,445.0,443.0
1632294566.105,445.0,443.0
1632294566.404,444.0,444.0
1632294566.707,444.0,444.0
1632294567.002,444.0,444.0
1632294567.305,443.0,444.0
1632294567.604,443.0,444.0
1632294567.924,442.0,444.0
1632294568.202,442.0,443.0
1632294568.501,442.0,443.0
1632294568.805,442.0,443.0
1632294569.104,442.0,443.0
1632294569.403,442.0,442.0
1632294569.702,442.0,442.0
1632294570.021,442.0,442.0
1632294570.304,442.0,442.0
1632294570.603,443.0,442.0
1632294570.906,443.0,442.0
1632294571.201,443.0,442.0
1632294571.5,443.0,442.0
1632294571.803,444.0,442.0
1632294572.123,444.0,442.0
1632294572.401,444.0,442.0
1632294572.7,446.0,443.0
1632294573.007,446.0,443.0
1632294573.303,446.0,443.0
1632294573.601,446.0,444.0
1632294573.9,445.0,444.0
1632294574.22,444.0,444.0
1632294574.503,444.0,444.0
1632294574.802,445.0,444.0
1632294575.105,445.0,445.0
1632294575.4,446.0,445.0
1632294575.699,446.0,445.0
1632294576.002,446.0,445.0
1632294576.321,446.0,445.0
1632294576.6,446.0,445.0
1632294576.899,446.0,445.0
1632294577.206,446.0,445.0
1632294577.501,446.0,445.0
1632294577.8,447.0,445.0
1632294578.099,448.0,446.0
1632294578.419,448.0,446.0
1632294578.701,449.0,446.0
1632294579.0,449.0,446.0
1632294579.303,449.0,447.0
1632294579.599,449.0,447.0
1632294579.898,450.0,447.0
1632294580.2,450.0,448.0
1632294580.52,450.0,448.0
1632294580.799,450.0,448.0
1632294581.098,449.0,449.0
1632294581.405,448.0,449.0
1632294581.7,450.0,449.0
1632294581.999,448.0,449.0
1632294582.298,447.0,449.0
1632294582.617,447.0,449.0
1632294582.896,447.0,448.0
1632294583.199,447.0,448.0
1632294583.502,445.0,448.0
1632294583.797,444.0,447.0
1632294584.096,444.0,447.0
1632294584.399,444.0,446.0
1632294584.719,445.0,446.0
1632294584.997,445.0,445.0
1632294585.296,445.0,445.0
1632294585.603,445.0,445.0
1632294585.898,446.0,445.0
1632294586.198,446.0,445.0
1632294586.496,447.0,444.0
1632294586.816,447.0,445.0
1632294587.095,447.0,445.0
1632294587.398,447.0,445.0
1632294587.701,447.0,446.0
1632294587.996,447.0,446.0
1632294588.295,447.0,446.0
1632294588.594,446.0,446.0
1632294588.917,446.0,446.0
1632294589.196,445.0,446.0
1632294589.495,445.0,446.0
1632294589.794,444.0,446.0
1632294590.093,444.0,446.0
1632294590.396,444.0,445.0
1632294590.695,443.0,445.0
1632294590.994,443.0,445.0
1632294591.293,443.0,444.0
1632294591.596,444.0,444.0
1632294591.895,444.0,444.0
1632294592.194,445.0,443.0
1632294592.494,445.0,443.0
1632294592.792,445.0,443.0
1632294593.096,445.0,444.0
1632294593.395,446.0,444.0
1632294593.694,446.0,444.0
1632294593.993,446.0,444.0
1632294594.292,446.0,444.0
1632294594.595,447.0,445.0
1632294594.894,447.0,445.0
1632294595.193,447.0,445.0
1632294595.525,446.0,446.0
1632294595.791,446.0,446.0
1632294596.094,445.0,446.0
1632294596.406,445.0,446.0
1632294596.692,445.0,446.0
1632294596.991,444.0,446.0
1632294597.294,444.0,445.0
1632294597.622,443.0,445.0
1632294597.892,443.0,445.0
1632294598.191,443.0,444.0
1632294598.507,443.0,444.0
1632294598.794,443.0,444.0
1632294599.093,443.0,443.0
1632294599.392,444.0,443.0
1632294599.72,444.0,443.0
1632294599.99,444.0,443.0
1632294600.293,445.0,443.0
1632294600.604,445.0,443.0
1632294600.891,445.0,443.0
1632294601.19,446.0,443.0
1632294601.489,446.0,444.0
1632294601.817,446.0,444.0
1632294602.091,446.0,444.0
1632294602.39,446.0,445.0
1632294602.701,447.0,445.0
1632294602.992,446.0,445.0
1632294603.291,447.0,445.0
1632294603.59,447.0,446.0
1632294603.918,447.0,446.0
1632294604.188,447.0,446.0
1632294604.491,447.0,446.0
1632294604.803,447.0,446.0
1632294605.09,446.0,446.0
1632294605.389,447.0,446.0
1632294605.688,446.0,446.0
1632294606.015,446.0,446.0
1632294606.29,446.0,446.0
1632294606.589,447.0,446.0
1632294606.9,447.0,446.0
1632294607.187,446.0,446.0
1632294607.49,447.0,446.0
1632294607.789,447.0,446.0
1632294608.117,447.0,446.0
1632294608.387,448.0,446.0
1632294608.686,448.0,446.0
1632294609.001,448.0,446.0
1632294609.288,447.0,447.0
1632294609.587,448.0,447.0
1632294609.886,448.0,447.0
1632294610.214,448.0,447.0
1632294610.488,447.0,447.0
1632294610.788,447.0,447.0
1632294611.099,447.0,447.0
1632294611.386,445.0,447.0
1632294611.689,446.0,447.0
1632294611.988,445.0,447.0
1632294612.315,445.0,446.0
1632294612.586,445.0,446.0
1632294612.885,444.0,446.0
1632294613.2,444.0,445.0
1632294613.487,443.0,445.0
1632294613.786,444.0,445.0
1632294614.085,444.0,444.0
1632294614.413,445.0,444.0
1632294614.687,446.0,444.0
1632294614.986,446.0,444.0
1632294615.298,447.0,444.0
1632294615.584,447.0,444.0
1632294615.887,448.0,445.0
1632294616.186,448.0,445.0
1632294616.514,449.0,445.0
1632294616.784,449.0,446.0
1632294617.084,449.0,446.0
1632294617.399,450.0,447.0
1632294617.686,449.0,447.0
1632294617.985,449.0,448.0
1632294618.284,449.0,448.0
1632294618.612,449.0,448.0
1632294618.886,448.0,448.0
1632294619.185,448.0,448.0
1632294619.496,448.0,448.0
1632294619.783,447.0,448.0
1632294620.082,447.0,448.0
1632294620.385,447.0,448.0
1632294620.713,446.0,448.0
1632294620.983,446.0,447.0
1632294621.282,446.0,447.0
1632294621.598,446.0,447.0
1632294621.884,445.0,446.0
1632294622.183,446.0,446.0
1632294622.482,446.0,446.0
1632294622.814,446.0,446.0
1632294623.084,446.0,446.0
1632294623.384,446.0,446.0
1632294623.695,446.0,445.0
1632294623.982,446.0,445.0
1632294624.281,447.0,445.0
1632294624.584,447.0,446.0
1632294624.883,447.0,446.0
1632294625.182,447.0,446.0
1632294625.481,447.0,446.0
1632294625.78,447.0,446.0
1632294626.083,446.0,446.0
1632294626.382,446.0,446.0
1632294626.681,445.0,446.0
1632294626.98,445.0,446.0
1632294627.279,445.0,446.0
1632294627.582,445.0,446.0
1632294627.882,444.0,446.0
1632294628.181,444.0,445.0
1632294628.48,444.0,445.0
1632294628.783,444.0,445.0
1632294629.082,445.0,444.0
1632294629.381,445.0,444.0
1632294629.68,446.0,444.0
1632294629.979,446.0,444.0
1632294630.302,447.0,444.0
1632294630.581,447.0,445.0
1632294630.88,448.0,445.0
1632294631.187,448.0,445.0
1632294631.478,448.0,446.0
1632294631.781,448.0,446.0
1632294632.08,449.0,446.0
1632294632.404,449.0,447.0
1632294632.678,449.0,447.0
1632294632.977,449.0,447.0
1632294633.284,448.0,448.0
1632294633.579,450.0,448.0
1632294633.878,448.0,448.0
1632294634.177,447.0,448.0
1632294634.501,447.0,448.0
1632294634.78,446.0,448.0
1632294635.079,446.0,448.0
1632294635.386,446.0,447.0
1632294635.677,446.0,447.0
1632294635.98,447.0,447.0
1632294636.279,447.0,447.0
1632294636.598,447.0,447.0
1632294636.877,447.0,446.0
1632294637.176,447.0,446.0
1632294637.483,447.0,446.0
1632294637.778,446.0,446.0
1632294638.077,447.0,446.0
1632294638.376,447.0,446.0
1632294638.7,447.0,446.0
1632294638.978,447.0,446.0
1632294639.277,447.0,446.0
1632294639.58,447.0,446.0
1632294639.875,447.0,446.0
1632294640.178,447.0,446.0
1632294640.477,447.0,446.0
1632294640.797,447.0,446.0
1632294641.076,447.0,447.0
1632294641.374,447.0,447.0
1632294641.682,447.0,447.0
1632294641.977,447.0,447.0
1632294642.276,447.0,447.0
1632294642.575,447.0,447.0
1632294642.898,446.0,447.0
1632294643.177,446.0,446.0
1632294643.476,445.0,446.0
1632294643.779,445.0,446.0
1632294644.074,444.0,446.0
1632294644.373,444.0,446.0
1632294644.676,444.0,445.0
1632294644.996,444.0,445.0
1632294645.274,444.0,445.0
1632294645.573,444.0,444.0
1632294645.88,444.0,444.0
1632294646.175,444.0,444.0
1632294646.475,444.0,444.0
1632294646.774,444.0,444.0
1632294647.097,444.0,444.0
1632294647.376,445.0,444.0
1632294647.675,445.0,444.0
1632294647.978,445.0,444.0
1632294648.273,445.0,444.0
1632294648.572,445.0,444.0
1632294648.875,445.0,444.0
1632294649.194,445.0,444.0
1632294649.473,445.0,444.0
1632294649.772,445.0,444.0
1632294650.079,445.0,444.0
1632294650.374,446.0,445.0
1632294650.673,445.0,445.0
1632294650.972,445.0,445.0
1632294651.296,444.0,445.0
1632294651.57,444.0,445.0
1632294651.873,443.0,444.0
1632294652.176,443.0,444.0
1632294652.471,442.0,444.0
1632294652.77,441.0,444.0
1632294653.073,442.0,443.0
1632294653.393,442.0,443.0
1632294653.672,442.0,443.0
1632294653.971,442.0,442.0
1632294654.278,442.0,442.0
1632294654.573,442.0,442.0
1632294654.872,442.0,442.0
1632294655.171,442.0,442.0
1632294655.494,442.0,441.0
1632294655.769,443.0,441.0
1632294656.072,443.0,442.0
1632294656.375,444.0,442.0
1632294656.67,444.0,442.0
1632294656.969,444.0,442.0
1632294657.268,444.0,442.0
1632294657.592,444.0,443.0
1632294657.87,445.0,443.0
1632294658.169,445.0,443.0
1632294658.477,445.0,443.0
1632294658.772,445.0,444.0
1632294659.071,445.0,444.0
1632294659.369,445.0,444.0
1632294659.669,444.0,444.0
1632294659.968,444.0,444.0
1632294660.271,444.0,444.0
1632294660.57,444.0,444.0
1632294660.869,443.0,444.0
1632294661.168,443.0,444.0
1632294661.467,443.0,444.0
1632294661.77,443.0,444.0
1632294662.069,442.0,443.0
1632294662.368,443.0,443.0
1632294662.667,443.0,443.0
1632294662.966,442.0,443.0
1632294663.269,442.0,443.0
1632294663.568,442.0,442.0
1632294663.867,442.0,442.0
1632294664.166,442.0,442.0
1632294664.466,443.0,442.0
1632294664.769,443.0,442.0
1632294665.084,444.0,442.0
1632294665.366,444.0,442.0
1632294665.666,444.0,442.0
1632294665.969,444.0,442.0
1632294666.296,445.0,443.0
1632294666.567,445.0,443.0
1632294666.866,445.0,443.0
1632294667.181,446.0,443.0
1632294667.468,446.0,444.0
1632294667.767,446.0,444.0
1632294668.066,446.0,444.0
1632294668.398,446.0,445.0
1632294668.664,446.0,445.0
1632294668.967,446.0,445.0
1632294669.278,445.0,445.0
1632294669.565,445.0,445.0
1632294669.864,445.0,445.0
1632294670.163,445.0,445.0
1632294670.495,445.0,445.0
1632294670.766,444.0,445.0
1632294671.065,444.0,445.0
1632294671.376,444.0,445.0
1632294671.667,443.0,444.0
1632294671.966,443.0,444.0
1632294672.265,443.0,444.0
1632294672.592,443.0,444.0
1632294672.863,443.0,443.0
1632294673.166,443.0,443.0
1632294673.477,444.0,443.0
1632294673.764,444.0,443.0
1632294674.063,444.0,443.0
1632294674.362,445.0,443.0
1632294674.694,445.0,443.0
1632294674.964,445.0,443.0
1632294675.263,445.0,443.0
1632294675.575,445.0,444.0
1632294675.861,445.0,444.0
1632294676.164,445.0,444.0
1632294676.463,445.0,444.0
1632294676.791,445.0,444.0
1632294677.061,445.0,444.0
1632294677.364,444.0,445.0
1632294677.676,444.0,444.0
1632294677.963,443.0,444.0
1632294678.262,443.0,444.0
1632294678.561,443.0,444.0
1632294678.892,443.0,444.0
1632294679.163,443.0,444.0
1632294679.462,443.0,443.0
1632294679.773,442.0,443.0
1632294680.06,442.0,443.0
1632294680.363,442.0,443.0
1632294680.662,442.0,442.0
1632294680.99,442.0,442.0
1632294681.26,442.0,442.0
1632294681.559,442.0,442.0
1632294681.875,442.0,442.0
1632294682.161,442.0,442.0
1632294682.461,443.0,442.0
1632294682.759,443.0,442.0
1632294683.091,443.0,442.0
1632294683.362,443.0,442.0
1632294683.661,443.0,442.0
1632294683.972,443.0,442.0
1632294684.259,443.0,442.0
1632294684.562,444.0,442.0
1632294684.861,444.0,442.0
1632294685.188,444.0,443.0
1632294685.459,444.0,443.0
1632294685.758,444.0,443.0
1632294686.073,444.0,443.0
1632294686.36,443.0,443.0
1632294686.659,444.0,443.0
1632294686.958,443.0,443.0
1632294687.29,443.0,443.0
1632294687.56,443.0,443.0
1632294687.859,443.0,443.0
1632294688.171,443.0,443.0
1632294688.458,442.0,443.0
1632294688.757,442.0,443.0
1632294689.059,442.0,443.0
1632294689.387,442.0,442.0
1632294689.658,442.0,442.0
1632294689.957,442.0,442.0
1632294690.272,442.0,442.0
1632294690.559,442.0,442.0
1632294690.858,442.0,442.0
1632294691.157,443.0,442.0
1632294691.488,443.0,442.0
1632294691.759,443.0,442.0
1632294692.058,443.0,442.0
1632294692.369,444.0,442.0
1632294692.656,444.0,442.0
1632294692.955,444.0,442.0
1632294693.258,444.0,443.0
1632294693.586,445.0,443.0
1632294693.856,445.0,443.0
1632294694.156,445.0,443.0
1632294694.471,444.0,444.0
1632294694.757,444.0,444.0
1632294695.056,444.0,444.0
1632294695.356,444.0,444.0
1632294695.655,444.0,444.0
1632294695.958,443.0,444.0
1632294696.257,443.0,444.0
1632294696.556,443.0,444.0
1632294696.855,443.0,443.0
1632294697.154,443.0,443.0
1632294697.457,442.0,443.0
1632294697.756,442.0,443.0
1632294698.055,442.0,443.0
1632294698.354,442.0,442.0
1632294698.653,442.0,442.0
1632294698.956,442.0,442.0
1632294699.255,442.0,442.0
1632294699.554,442.0,442.0
1632294699.861,443.0,442.0
1632294700.152,446.0,442.0
1632294700.455,443.0,442.0
1632294700.754,444.0,442.0
1632294701.078,444.0,442.0
1632294701.353,444.0,443.0
1632294701.656,444.0,443.0
1632294701.963,445.0,443.0
1632294702.254,447.0,443.0
1632294702.553,445.0,444.0
1632294702.852,445.0,444.0
1632294703.175,445.0,444.0
1632294703.454,445.0,444.0
1632294703.753,445.0,444.0
1632294704.06,444.0,444.0
1632294704.351,444.0,444.0
1632294704.654,444.0,444.0
1632294704.953,444.0,444.0
1632294705.273,443.0,444.0
1632294705.551,443.0,444.0
1632294705.85,443.0,444.0
1632294706.157,442.0,444.0
1632294706.452,442.0,443.0
1632294706.752,442.0,443.0
1632294707.05,442.0,443.0
1632294707.374,442.0,442.0
1632294707.652,442.0,442.0
1632294707.952,442.0,442.0
1632294708.255,442.0,442.0
1632294708.55,443.0,442.0
1632294708.853,443.0,442.0
1632294709.152,443.0,442.0
1632294709.471,443.0,442.0
1632294709.75,443.0,442.0
1632294710.049,444.0,442.0
1632294710.356,444.0,442.0
1632294710.651,444.0,442.0
1632294710.95,444.0,443.0
1632294711.249,444.0,443.0
1632294711.573,444.0,443.0
1632294711.851,444.0,443.0
1632294712.15,444.0,443.0
1632294712.457,444.0,443.0
1632294712.748,444.0,443.0
1632294713.048,444.0,444.0
1632294713.35,443.0,444.0
1632294713.67,443.0,443.0
1632294713.949,443.0,443.0
1632294714.248,443.0,443.0
1632294714.555,442.0,443.0
1632294714.85,442.0,443.0
1632294715.149,442.0,443.0
1632294715.448,442.0,443.0
1632294715.771,442.0,442.0
1632294716.05,442.0,442.0
1632294716.349,442.0,442.0
1632294716.656,442.0,442.0
1632294716.947,442.0,442.0
1632294717.246,442.0,442.0
1632294717.549,442.0,442.0
1632294717.869,443.0,442.0
1632294718.147,443.0,442.0
1632294718.446,443.0,442.0
1632294718.753,443.0,442.0
1632294719.049,444.0,442.0
1632294719.348,444.0,442.0
1632294719.646,444.0,442.0
1632294719.97,444.0,443.0
1632294720.249,444.0,443.0
1632294720.548,445.0,443.0
1632294720.855,445.0,443.0
1632294721.146,447.0,443.0
1632294721.445,444.0,444.0
1632294721.748,444.0,444.0
1632294722.067,444.0,444.0
1632294722.346,443.0,444.0
1632294722.645,443.0,444.0
1632294722.952,443.0,444.0
1632294723.247,443.0,444.0
1632294723.546,443.0,444.0
1632294723.845,443.0,443.0
1632294724.169,442.0,443.0
1632294724.443,442.0,443.0
1632294724.746,442.0,443.0
1632294725.053,442.0,442.0
1632294725.345,442.0,442.0
1632294725.644,442.0,442.0
1632294725.942,442.0,442.0
1632294726.266,443.0,442.0
1632294726.545,443.0,442.0
1632294726.844,443.0,442.0
1632294727.151,443.0,442.0
1632294727.446,443.0,442.0
1632294727.745,444.0,442.0
1632294728.044,444.0,442.0
1632294728.368,444.0,442.0
1632294728.642,444.0,443.0
1632294728.945,445.0,443.0
1632294729.252,445.0,443.0
1632294729.543,444.0,443.0
1632294729.842,444.0,443.0
1632294730.141,444.0,444.0
1632294730.444,444.0,444.0
1632294730.744,444.0,444.0
1632294731.042,444.0,444.0
1632294731.342,443.0,444.0
1632294731.641,443.0,444.0
1632294731.944,443.0,444.0
1632294732.243,443.0,443.0
1632294732.542,443.0,443.0
1632294732.841,442.0,443.0
1632294733.144,442.0,443.0
1632294733.443,442.0,443.0
1632294733.742,442.0,442.0
1632294734.041,442.0,442.0
1632294734.34,442.0,442.0
1632294734.643,442.0,442.0
1632294734.975,442.0,442.0
1632294735.241,443.0,442.0
1632294735.54,443.0,442.0
1632294735.856,443.0,442.0
1632294736.142,443.0,442.0
1632294736.441,444.0,442.0
1632294736.74,444.0,442.0
1632294737.072,444.0,442.0
1632294737.339,444.0,443.0
1632294737.642,445.0,443.0
1632294737.957,445.0,443.0
1632294738.24,445.0,443.0
1632294738.539,445.0,444.0
1632294738.842,445.0,444.0
1632294739.169,445.0,444.0
1632294739.44,445.0,444.0
1632294739.739,445.0,444.0
1632294740.054,444.0,444.0
1632294740.341,444.0,444.0
1632294740.64,444.0,444.0
1632294740.939,443.0,444.0
1632294741.267,443.0,444.0
1632294741.537,443.0,444.0
1632294741.84,443.0,444.0
1632294742.152,442.0,443.0
1632294742.438,442.0,443.0
1632294742.737,442.0,443.0
1632294743.036,442.0,443.0
1632294743.368,442.0,442.0
1632294743.638,442.0,442.0
1632294743.937,442.0,442.0
1632294744.249,442.0,442.0
1632294744.536,442.0,442.0
1632294744.839,442.0,442.0
1632294745.138,443.0,442.0
1632294745.466,443.0,442.0
1632294745.736,443.0,442.0
1632294746.039,443.0,442.0
1632294746.35,444.0,442.0
1632294746.637,443.0,442.0
1632294746.936,444.0,442.0
1632294747.235,444.0,442.0
1632294747.567,445.0,443.0
1632294747.837,445.0,443.0
1632294748.136,445.0,443.0
1632294748.448,445.0,443.0
1632294748.734,445.0,444.0
1632294749.037,445.0,444.0
1632294749.336,445.0,444.0
1632294749.664,444.0,444.0
1632294749.935,444.0,444.0
1632294750.234,444.0,444.0
1632294750.549,443.0,444.0
1632294750.836,443.0,444.0
1632294751.135,443.0,444.0
1632294751.434,443.0,444.0
1632294751.765,443.0,443.0
1632294752.036,443.0,443.0
1632294752.335,442.0,443.0
1632294752.65,442.0,443.0
1632294752.933,442.0,443.0
1632294753.236,442.0,442.0
1632294753.535,442.0,442.0
1632294753.863,442.0,442.0
1632294754.133,442.0,442.0
1632294754.432,442.0,442.0
1632294754.748,442.0,442.0
1632294755.035,443.0,442.0
1632294755.334,443.0,442.0
1632294755.632,443.0,442.0
1632294755.964,443.0,442.0
1632294756.235,443.0,442.0
1632294756.534,444.0,442.0
1632294756.849,444.0,442.0
1632294757.132,444.0,442.0
1632294757.435,444.0,443.0
1632294757.734,444.0,443.0
1632294758.062,444.0,443.0
1632294758.332,444.0,443.0
1632294758.631,445.0,443.0
1632294758.946,445.0,443.0
1632294759.233,445.0,444.0
1632294759.532,445.0,444.0
1632294759.831,444.0,444.0
1632294760.163,444.0,444.0
1632294760.433,444.0,444.0
1632294760.732,443.0,444.0
1632294761.044,443.0,444.0
1632294761.331,443.0,444.0
1632294761.63,443.0,444.0
1632294761.932,443.0,443.0
1632294762.26,443.0,443.0
1632294762.531,442.0,443.0
1632294762.83,442.0,443.0
1632294763.145,442.0,443.0
1632294763.432,442.0,442.0
1632294763.731,442.0,442.0
1632294764.03,442.0,442.0
1632294764.362,442.0,442.0
1632294764.632,442.0,442.0
1632294764.931,442.0,442.0
1632294765.23,442.0,442.0
1632294765.529,442.0,442.0
1632294765.828,443.0,442.0
1632294766.131,443.0,442.0
1632294766.43,443.0,442.0
1632294766.729,443.0,442.0
1632294767.028,444.0,442.0
1632294767.327,444.0,442.0
1632294767.631,444.0,442.0
1632294767.93,444.0,443.0
1632294768.229,444.0,443.0
1632294768.528,445.0,443.0
1632294768.827,444.0,443.0
1632294769.13,445.0,443.0
1632294769.429,445.0,444.0
1632294769.752,445.0,444.0
1632294770.027,445.0,444.0
1632294770.33,445.0,444.0
1632294770.637,444.0,444.0
1632294770.928,444.0,444.0
1632294771.227,444.0,444.0
1632294771.526,444.0,444.0
1632294771.85,443.0,444.0
1632294772.128,443.0,444.0
1632294772.427,443.0,444.0
1632294772.734,443.0,444.0
1632294773.025,443.0,443.0
1632294773.328,443.0,443.0
1632294773.627,442.0,443.0
1632294773.951,442.0,443.0
1632294774.226,442.0,443.0
1632294774.525,442.0,442.0
1632294774.832,442.0,442.0
1632294775.127,441.0,442.0
1632294775.426,442.0,442.0
1632294775.725,442.0,442.0
1632294776.048,442.0,442.0
1632294776.327,442.0,442.0
1632294776.626,442.0,441.0
1632294776.933,443.0,441.0
1632294777.224,443.0,442.0
1632294777.527,443.0,442.0
1632294777.826,444.0,442.0
1632294778.146,444.0,442.0
1632294778.424,444.0,442.0
1632294778.723,444.0,442.0
1632294779.03,444.0,443.0
1632294779.326,445.0,443.0
1632294779.624,445.0,443.0
1632294779.923,445.0,443.0
1632294780.247,445.0,444.0
1632294780.526,445.0,444.0
1632294780.825,445.0,444.0
1632294781.132,445.0,444.0
1632294781.423,445.0,444.0
1632294781.722,444.0,444.0
1632294782.025,444.0,444.0
1632294782.344,444.0,444.0
1632294782.623,443.0,444.0
1632294782.922,443.0,444.0
1632294783.229,443.0,444.0
1632294783.524,443.0,444.0
1632294783.823,443.0,443.0
1632294784.122,443.0,443.0
1632294784.446,442.0,443.0
1632294784.724,442.0,443.0
1632294785.023,442.0,443.0
1632294785.33,442.0,442.0
1632294785.622,442.0,442.0
1632294785.921,442.0,442.0
1632294786.224,442.0,442.0
1632294786.543,442.0,442.0
1632294786.822,443.0,442.0
1632294787.121,443.0,442.0
1632294787.428,443.0,442.0
1632294787.723,446.0,442.0
1632294788.022,444.0,442.0
1632294788.321,444.0,442.0
1632294788.644,444.0,443.0
1632294788.923,444.0,443.0
1632294789.222,444.0,443.0
1632294789.529,445.0,443.0
1632294789.82,445.0,444.0
1632294790.119,445.0,444.0
1632294790.422,445.0,444.0
1632294790.742,445.0,444.0
1632294791.02,445.0,444.0
1632294791.319,444.0,444.0
1632294791.627,444.0,444.0
1632294791.922,446.0,444.0
1632294792.221,443.0,444.0
1632294792.52,443.0,444.0
1632294792.843,443.0,444.0
1632294793.118,443.0,444.0
1632294793.421,442.0,444.0
1632294793.728,442.0,443.0
1632294794.019,442.0,443.0
1632294794.318,442.0,443.0
1632294794.621,442.0,443.0
1632294794.941,442.0,442.0
1632294795.219,442.0,442.0
1632294795.518,442.0,442.0
1632294795.825,442.0,442.0
1632294796.12,442.0,442.0
1632294796.419,443.0,442.0
1632294796.718,443.0,442.0
1632294797.042,443.0,442.0
1632294797.316,443.0,442.0
1632294797.619,443.0,442.0
1632294797.927,443.0,442.0
1632294798.218,443.0,442.0
1632294798.517,444.0,442.0
1632294798.816,444.0,442.0
1632294799.139,444.0,443.0
1632294799.418,444.0,443.0
1632294799.717,444.0,443.0
1632294800.016,444.0,443.0
1632294800.315,444.0,443.0
1632294800.618,444.0,443.0
1632294800.917,444.0,443.0
1632294801.216,444.0,443.0
1632294801.515,443.0,444.0
1632294801.818,443.0,443.0
1632294802.117,443.0,443.0
1632294802.416,444.0,443.0
1632294802.715,444.0,443.0
1632294803.014,444.0,443.0
1632294803.317,443.0,443.0
1632294803.616,445.0,443.0
1632294803.915,443.0,443.0
1632294804.214,443.0,443.0
1632294804.534,443.0,443.0
1632294804.817,443.0,443.0
1632294805.116,443.0,443.0
1632294805.415,443.0,443.0
1632294805.746,443.0,443.0
1632294806.013,443.0,443.0
1632294806.316,444.0,443.0
1632294806.631,444.0,443.0
1632294806.914,444.0,443.0
1632294807.213,444.0,443.0
1632294807.516,444.0,443.0
1632294807.844,445.0,443.0
1632294808.114,445.0,443.0
1632294808.413,445.0,443.0
1632294808.729,445.0,444.0
1632294809.015,445.0,444.0
1632294809.314,445.0,444.0
1632294809.613,445.0,444.0
1632294809.945,445.0,444.0
1632294810.211,445.0,444.0
1632294810.514,445.0,444.0
1632294810.826,445.0,445.0
1632294811.112,445.0,445.0
1632294811.412,445.0,445.0
1632294811.711,445.0,445.0
1632294812.042,445.0,445.0
1632294812.313,445.0,445.0
1632294812.612,445.0,445.0
1632294812.923,445.0,445.0
1632294813.214,444.0,445.0
1632294813.513,444.0,444.0
1632294813.812,444.0,444.0
1632294814.14,444.0,444.0
1632294814.41,443.0,444.0
1632294814.713,443.0,444.0
1632294815.024,443.0,444.0
1632294815.311,442.0,444.0
1632294815.61,443.0,443.0
1632294815.909,443.0,443.0
1632294816.241,443.0,443.0
1632294816.511,442.0,443.0
1632294816.81,442.0,443.0
1632294817.126,442.0,442.0
1632294817.408,442.0,442.0
1632294817.712,442.0,442.0
1632294818.011,442.0,442.0
1632294818.338,443.0,442.0
1632294818.609,443.0,442.0
1632294818.908,443.0,442.0
1632294819.223,443.0,442.0
1632294819.51,443.0,442.0
1632294819.809,443.0,442.0
1632294820.108,443.0,442.0
1632294820.44,443.0,442.0
1632294820.71,443.0,442.0
1632294821.009,444.0,442.0
1632294821.325,444.0,443.0
1632294821.607,444.0,443.0
1632294821.91,444.0,443.0
1632294822.209,444.0,443.0
1632294822.537,444.0,443.0
1632294822.808,444.0,443.0
1632294823.107,444.0,443.0
1632294823.422,444.0,443.0
1632294823.709,444.0,443.0
1632294824.008,444.0,444.0
1632294824.307,444.0,444.0
1632294824.638,444.0,444.0
1632294824.909,444.0,444.0
1632294825.208,444.0,444.0
1632294825.523,443.0,444.0
1632294825.806,443.0,443.0
1632294826.109,443.0,443.0
1632294826.408,443.0,443.0
1632294826.736,443.0,443.0
1632294827.006,443.0,443.0
1632294827.305,443.0,443.0
1632294827.621,442.0,443.0
1632294827.907,442.0,443.0
1632294828.207,442.0,442.0
1632294828.505,442.0,442.0
1632294828.837,442.0,442.0
1632294829.108,442.0,442.0
1632294829.407,442.0,442.0
1632294829.718,442.0,442.0
1632294830.005,442.0,442.0
1632294830.304,442.0,442.0
1632294830.607,442.0,442.0
1632294830.935,442.0,442.0
1632294831.205,442.0,442.0
1632294831.504,442.0,442.0
1632294831.819,442.0,442.0
1632294832.106,442.0,442.0
1632294832.405,442.0,442.0
1632294832.704,442.0,442.0
1632294833.036,442.0,442.0
1632294833.306,442.0,442.0
1632294833.606,442.0,442.0
1632294833.917,442.0,442.0
1632294834.204,442.0,442.0
1632294834.502,442.0,442.0
1632294834.806,442.0,442.0
1632294835.105,442.0,442.0
1632294835.404,442.0,442.0
1632294835.703,442.0,442.0
1632294836.002,442.0,442.0
1632294836.305,443.0,442.0
1632294836.604,443.0,442.0
1632294836.903,443.0,442.0
1632294837.202,443.0,442.0
1632294837.501,443.0,442.0
1632294837.804,443.0,442.0
1632294838.103,443.0,442.0
1632294838.402,444.0,442.0
1632294838.701,444.0,442.0
1632294839.004,444.0,443.0
1632294839.303,444.0,443.0
1632294839.602,444.0,443.0
1632294839.901,444.0,443.0
1632294840.201,444.0,443.0
1632294840.524,444.0,443.0
1632294840.802,444.0,443.0
1632294841.102,445.0,443.0
1632294841.409,445.0,444.0
1632294841.7,446.0,444.0
1632294842.003,446.0,444.0
1632294842.302,446.0,444.0
1632294842.625,446.0,444.0
1632294842.9,446.0,445.0
1632294843.199,446.0,445.0
1632294843.506,446.0,445.0
1632294843.801,446.0,445.0
1632294844.1,446.0,445.0
1632294844.399,446.0,445.0
1632294844.723,446.0,446.0
1632294845.001,446.0,446.0
1632294845.3,446.0,446.0
1632294845.607,447.0,446.0
1632294845.898,446.0,446.0
1632294846.201,447.0,446.0
1632294846.501,447.0,446.0
1632294846.82,447.0,446.0
1632294847.099,447.0,446.0
1632294847.398,447.0,446.0
1632294847.705,448.0,446.0
1632294848.0,448.0,446.0
1632294848.299,448.0,447.0
1632294848.598,449.0,447.0
1632294848.921,449.0,447.0
1632294849.2,449.0,447.0
1632294849.499,449.0,447.0
1632294849.806,448.0,448.0
1632294850.097,448.0,448.0
1632294850.4,447.0,448.0
1632294850.699,447.0,448.0
1632294851.019,447.0,448.0
1632294851.297,446.0,448.0
1632294851.596,446.0,447.0
1632294851.904,445.0,447.0
1632294852.199,445.0,447.0
1632294852.498,445.0,446.0
1632294852.797,444.0,446.0
1632294853.12,444.0,446.0
1632294853.398,444.0,445.0
1632294853.698,444.0,445.0
1632294854.005,444.0,445.0
1632294854.296,444.0,444.0
1632294854.595,444.0,444.0
1632294854.898,444.0,444.0
1632294855.217,445.0,444.0
1632294855.496,445.0,444.0
1632294855.795,445.0,444.0
1632294856.102,445.0,444.0
1632294856.397,446.0,444.0
1632294856.696,446.0,444.0
1632294856.995,447.0,444.0
1632294857.319,447.0,445.0
1632294857.597,447.0,445.0
1632294857.896,448.0,445.0
1632294858.203,449.0,446.0
1632294858.494,449.0,446.0
1632294858.793,449.0,446.0
1632294859.096,450.0,447.0
1632294859.416,450.0,447.0
1632294859.695,450.0,448.0
1632294859.994,450.0,448.0
1632294860.301,451.0,448.0
1632294860.596,451.0,449.0
1632294860.895,450.0,449.0
1632294861.194,449.0,449.0
1632294861.517,448.0,449.0
1632294861.792,448.0,449.0
1632294862.095,448.0,449.0
1632294862.402,448.0,449.0
1632294862.693,448.0,449.0
1632294862.992,448.0,449.0
1632294863.295,448.0,448.0
1632294863.615,448.0,448.0
1632294863.893,448.0,448.0
1632294864.192,448.0,448.0
1632294864.5,449.0,448.0
1632294864.795,449.0,448.0
1632294865.094,450.0,448.0
1632294865.393,450.0,448.0
1632294865.716,450.0,448.0
1632294865.991,450.0,448.0
1632294866.294,450.0,449.0
1632294866.601,450.0,449.0
1632294866.892,450.0,449.0
1632294867.191,450.0,449.0
1632294867.49,450.0,449.0
1632294867.814,450.0,449.0
1632294868.092,450.0,450.0
1632294868.391,450.0,450.0
1632294868.698,450.0,450.0
1632294868.993,450.0,450.0
1632294869.292,449.0,450.0
1632294869.591,449.0,449.0
1632294869.89,449.0,449.0
1632294870.189,449.0,449.0
1632294870.492,448.0,449.0
1632294870.792,448.0,449.0
1632294871.091,448.0,449.0
1632294871.39,448.0,449.0
1632294871.689,448.0,448.0
1632294871.992,447.0,448.0
1632294872.291,447.0,448.0
1632294872.59,447.0,448.0
1632294872.889,447.0,447.0
1632294873.188,447.0,447.0
1632294873.491,446.0,447.0
1632294873.79,446.0,447.0
1632294874.089,446.0,447.0
1632294874.388,446.0,446.0
1632294874.687,446.0,446.0
1632294874.99,446.0,446.0
1632294875.306,445.0,446.0
1632294875.588,445.0,446.0
1632294875.887,445.0,446.0
1632294876.19,444.0,445.0
1632294876.522,444.0,445.0
1632294876.789,444.0,445.0
1632294877.087,444.0,445.0
1632294877.403,444.0,444.0
1632294877.69,444.0,444.0
1632294877.989,444.0,444.0
1632294878.288,444.0,444.0
1632294878.619,443.0,444.0
1632294878.886,443.0,444.0
1632294879.189,443.0,443.0
1632294879.5,442.0,443.0
1632294879.787,442.0,443.0
1632294880.086,442.0,443.0
1632294880.385,442.0,443.0
1632294880.717,442.0,442.0
1632294880.987,442.0,442.0
1632294881.286,442.0,442.0
1632294881.602,442.0,442.0
1632294881.888,442.0,442.0
1632294882.187,442.0,442.0
1632294882.486,442.0,442.0
1632294882.814,442.0,442.0
1632294883.085,442.0,442.0
1632294883.388,442.0,442.0
1632294883.699,442.0,442.0
1632294883.986,442.0,442.0
1632294884.285,442.0,442.0
1632294884.584,442.0,442.0
1632294884.915,442.0,442.0
1632294885.186,442.0,442.0
1632294885.485,442.0,442.0
1632294885.796,443.0,442.0
1632294886.083,442.0,442.0
1632294886.386,443.0,442.0
1632294886.685,443.0,442.0
1632294887.013,443.0,442.0
1632294887.283,443.0,442.0
1632294887.586,443.0,442.0
1632294887.898,444.0,442.0
1632294888.184,443.0,442.0
1632294888.483,444.0,442.0
1632294888.782,444.0,443.0
1632294889.114,444.0,443.0
1632294889.385,444.0,443.0
1632294889.684,444.0,443.0
1632294889.995,444.0,443.0
1632294890.282,444.0,443.0
1632294890.585,445.0,443.0
1632294890.884,445.0,444.0
1632294891.211,445.0,444.0
1632294891.482,445.0,444.0
1632294891.781,445.0,444.0
1632294892.096,446.0,444.0
1632294892.383,447.0,444.0
1632294892.682,448.0,445.0
1632294892.981,449.0,445.0
1632294893.313,449.0,445.0
1632294893.583,449.0,446.0
1632294893.882,449.0,446.0
1632294894.194,449.0,447.0
1632294894.48,448.0,447.0
1632294894.783,449.0,447.0
1632294895.082,449.0,448.0
1632294895.41,449.0,448.0
1632294895.68,450.0,448.0
1632294895.98,450.0,449.0
1632294896.295,450.0,449.0
1632294896.582,450.0,449.0
1632294896.881,450.0,449.0
1632294897.18,450.0,449.0
1632294897.511,450.0,449.0
1632294897.782,450.0,449.0
1632294898.081,450.0,449.0
1632294898.392,449.0,449.0
1632294898.679,449.0,449.0
1632294898.978,449.0,449.0
1632294899.281,448.0,449.0
1632294899.609,448.0,449.0
1632294899.879,448.0,449.0
1632294900.178,448.0,449.0
1632294900.494,447.0,448.0
1632294900.78,447.0,448.0
1632294901.079,447.0,448.0
1632294901.378,447.0,448.0
1632294901.71,447.0,447.0
1632294901.981,447.0,447.0
1632294902.28,446.0,447.0
1632294902.591,446.0,447.0
1632294902.878,446.0,447.0
1632294903.177,446.0,446.0
1632294903.48,446.0,446.0
1632294903.808,446.0,446.0
1632294904.078,445.0,446.0
1632294904.377,445.0,446.0
1632294904.676,444.0,446.0
1632294904.979,444.0,445.0
1632294905.278,444.0,445.0
1632294905.577,444.0,445.0
1632294905.876,444.0,445.0
1632294906.179,444.0,444.0
1632294906.478,444.0,444.0
1632294906.777,444.0,444.0
1632294907.076,444.0,444.0
1632294907.375,444.0,444.0
1632294907.678,444.0,444.0
1632294907.978,444.0,444.0
1632294908.277,444.0,444.0
1632294908.576,444.0,444.0
1632294908.875,444.0,444.0
1632294909.178,445.0,444.0
1632294909.477,445.0,444.0
1632294909.776,445.0,444.0
1632294910.083,446.0,444.0
1632294910.374,446.0,444.0
1632294910.677,446.0,444.0
1632294910.976,446.0,444.0
1632294911.3,446.0,445.0
1632294911.574,446.0,445.0
1632294911.873,446.0,445.0
1632294912.184,446.0,445.0
1632294912.475,446.0,445.0
1632294912.774,446.0,445.0
1632294913.073,446.0,446.0
1632294913.397,446.0,446.0
1632294913.675,446.0,446.0
1632294913.974,446.0,446.0
1632294914.282,447.0,446.0
1632294914.573,447.0,446.0
1632294914.876,447.0,446.0
1632294915.175,446.0,446.0
1632294915.494,446.0,446.0
1632294915.773,446.0,446.0
1632294916.072,445.0,446.0
1632294916.379,445.0,446.0
1632294916.674,445.0,446.0
1632294916.973,445.0,446.0
1632294917.272,445.0,445.0
1632294917.596,445.0,445.0
1632294917.874,445.0,445.0
1632294918.173,445.0,445.0
1632294918.476,445.0,445.0
1632294918.771,445.0,445.0
1632294919.074,445.0,445.0
1632294919.373,446.0,445.0
1632294919.693,446.0,445.0
1632294919.971,446.0,445.0
1632294920.27,446.0,445.0
1632294920.578,446.0,445.0
1632294920.873,447.0,445.0
1632294921.172,447.0,445.0
1632294921.471,447.0,445.0
1632294921.794,447.0,446.0
1632294922.073,447.0,446.0
1632294922.372,448.0,446.0
1632294922.679,448.0,446.0
1632294922.97,448.0,446.0
1632294923.269,448.0,447.0
1632294923.572,448.0,447.0
1632294923.892,448.0,447.0
1632294924.17,448.0,447.0
1632294924.469,448.0,447.0
1632294924.776,448.0,447.0
1632294925.071,448.0,447.0
1632294925.37,448.0,448.0
1632294925.669,448.0,448.0
1632294925.993,448.0,448.0
1632294926.272,448.0,448.0
1632294926.571,448.0,448.0
1632294926.878,448.0,448.0
1632294927.169,448.0,448.0
1632294927.468,448.0,448.0
1632294927.771,448.0,448.0
1632294928.09,448.0,448.0
1632294928.369,448.0,448.0
1632294928.668,448.0,448.0
1632294928.975,448.0,448.0
1632294929.27,448.0,448.0
1632294929.569,448.0,448.0
1632294929.868,448.0,448.0
1632294930.192,447.0,448.0
1632294930.466,448.0,447.0
1632294930.769,447.0,447.0
1632294931.076,447.0,447.0
1632294931.367,446.0,447.0
1632294931.666,447.0,447.0
1632294931.969,447.0,447.0
1632294932.289,446.0,447.0
1632294932.568,447.0,447.0
1632294932.867,445.0,447.0
1632294933.174,445.0,446.0
1632294933.469,445.0,446.0
1632294933.768,445.0,446.0
1632294934.067,445.0,446.0
1632294934.39,445.0,445.0
1632294934.665,445.0,445.0
1632294934.968,445.0,445.0
1632294935.275,444.0,445.0
1632294935.566,444.0,445.0
1632294935.865,445.0,444.0
1632294936.164,443.0,444.0
1632294936.488,443.0,444.0
1632294936.766,443.0,444.0
1632294937.065,443.0,444.0
1632294937.373,443.0,444.0
1632294937.667,443.0,443.0
1632294937.966,443.0,443.0
1632294938.265,443.0,443.0
1632294938.589,442.0,443.0
1632294938.864,442.0,443.0
1632294939.167,442.0,442.0
1632294939.474,442.0,442.0
1632294939.765,442.0,442.0
1632294940.064,442.0,442.0
1632294940.363,442.0,442.0
1632294940.666,442.0,442.0
1632294940.965,442.0,442.0
1632294941.264,442.0,442.0
1632294941.563,443.0,442.0
1632294941.862,443.0,442.0
1632294942.165,443.0,442.0
1632294942.464,443.0,442.0
1632294942.763,443.0,442.0
1632294943.062,443.0,442.0
1632294943.365,443.0,442.0
1632294943.664,443.0,442.0
1632294943.963,443.0,442.0
1632294944.262,444.0,442.0
1632294944.562,444.0,443.0
1632294944.865,444.0,443.0
1632294945.196,444.0,443.0
1632294945.463,444.0,443.0
1632294945.762,444.0,443.0
1632294946.077,444.0,443.0
1632294946.364,445.0,443.0
1632294946.663,445.0,443.0
1632294946.962,445.0,444.0
1632294947.294,445.0,444.0
1632294947.56,445.0,444.0
1632294947.863,445.0,444.0
1632294948.178,445.0,444.0
1632294948.461,445.0,444.0
1632294948.76,445.0,444.0
1632294949.059,445.0,444.0
1632294949.391,445.0,445.0
1632294949.661,445.0,445.0
1632294949.96,445.0,445.0
1632294950.276,445.0,445.0
1632294950.563,445.0,445.0
1632294950.862,445.0,445.0
1632294951.161,445.0,445.0
1632294951.488,445.0,445.0
1632294951.759,444.0,445.0
1632294952.062,444.0,444.0
1632294952.373,444.0,444.0
1632294952.66,444.0,444.0
1632294952.959,444.0,444.0
1632294953.258,444.0,444.0
1632294953.59,444.0,444.0
1632294953.86,444.0,444.0
1632294954.159,444.0,444.0
1632294954.471,444.0,444.0
1632294954.757,443.0,444.0
1632294955.06,444.0,443.0
1632294955.359,443.0,443.0
1632294955.687,443.0,443.0
1632294955.957,443.0,443.0
1632294956.26,443.0,443.0
1632294956.572,443.0,443.0
1632294956.859,442.0,443.0
1632294957.158,443.0,443.0
1632294957.457,443.0,443.0
1632294957.788,443.0,443.0
1632294958.059,442.0,443.0
1632294958.358,442.0,442.0
1632294958.673,442.0,442.0
1632294958.956,442.0,442.0
1632294959.259,442.0,442.0
1632294959.558,442.0,442.0
1632294959.886,442.0,442.0
1632294960.156,442.0,442.0
1632294960.455,442.0,442.0
1632294960.771,442.0,442.0
1632294961.057,441.0,442.0
1632294961.356,442.0,441.0
1632294961.655,442.0,441.0
1632294961.987,442.0,441.0
1632294962.257,442.0,441.0
1632294962.557,442.0,441.0
1632294962.872,442.0,441.0
1632294963.155,442.0,441.0
1632294963.458,442.0,441.0
1632294963.757,442.0,441.0
1632294964.084,442.0,441.0
1632294964.355,443.0,442.0
1632294964.654,443.0,442.0
1632294964.969,443.0,442.0
1632294965.256,443.0,442.0
1632294965.555,443.0,442.0
1632294965.854,443.0,442.0
1632294966.186,443.0,442.0
1632294966.456,443.0,442.0
1632294966.755,444.0,442.0
1632294967.067,444.0,443.0
1632294967.353,444.0,443.0
1632294967.652,444.0,443.0
1632294967.955,444.0,443.0
1632294968.283,444.0,443.0
1632294968.553,444.0,443.0
1632294968.853,444.0,443.0
1632294969.168,444.0,443.0
1632294969.455,444.0,443.0
1632294969.754,444.0,444.0
1632294970.053,445.0,444.0
1632294970.384,445.0,444.0
1632294970.655,445.0,444.0
1632294970.954,445.0,444.0
1632294971.265,445.0,444.0
1632294971.552,445.0,444.0
1632294971.851,444.0,444.0
1632294972.154,445.0,444.0
1632294972.482,445.0,444.0
1632294972.752,445.0,444.0
1632294973.051,445.0,444.0
1632294973.367,445.0,444.0
1632294973.653,445.0,444.0
1632294973.952,445.0,444.0
1632294974.251,445.0,444.0
1632294974.55,445.0,444.0
1632294974.854,445.0,444.0
1632294975.153,445.0,445.0
1632294975.452,445.0,445.0
1632294975.751,445.0,445.0
1632294976.05,445.0,445.0
1632294976.353,444.0,445.0
1632294976.652,444.0,444.0
1632294976.951,444.0,444.0
1632294977.25,444.0,444.0
1632294977.549,444.0,444.0
1632294977.852,444.0,444.0
1632294978.151,444.0,444.0
1632294978.45,444.0,444.0
1632294978.749,444.0,444.0
1632294979.048,444.0,444.0
1632294979.351,444.0,444.0
1632294979.65,444.0,444.0
1632294979.974,444.0,444.0
1632294980.248,444.0,444.0
1632294980.551,443.0,444.0
1632294980.859,444.0,443.0
1632294981.15,445.0,443.0
1632294981.449,443.0,444.0
1632294981.748,443.0,443.0
1632294982.071,443.0,443.0
1632294982.35,443.0,443.0
1632294982.649,443.0,443.0
1632294982.956,443.0,443.0
1632294983.247,443.0,443.0
1632294983.55,443.0,443.0
1632294983.849,443.0,443.0
1632294984.173,442.0,443.0
1632294984.447,442.0,442.0
1632294984.746,442.0,442.0
1632294985.053,442.0,442.0
1632294985.348,442.0,442.0
1632294985.647,442.0,442.0
1632294985.946,442.0,442.0
1632294986.27,442.0,442.0
1632294986.548,442.0,442.0
1632294986.848,442.0,442.0
1632294987.151,442.0,442.0
1632294987.446,443.0,442.0
1632294987.749,443.0,442.0
1632294988.048,443.0,442.0
1632294988.367,443.0,442.0
1632294988.646,443.0,442.0
1632294988.945,443.0,442.0
1632294989.252,443.0,442.0
1632294989.547,444.0,442.0
1632294989.846,444.0,442.0
1632294990.145,444.0,443.0
1632294990.469,444.0,443.0
1632294990.747,444.0,443.0
1632294991.046,444.0,443.0
1632294991.353,444.0,443.0
1632294991.644,444.0,443.0
1632294991.943,445.0,443.0
1632294992.246,445.0,444.0
1632294992.566,446.0,444.0
1632294992.844,446.0,444.0
1632294993.144,447.0,444.0
1632294993.451,447.0,444.0
1632294993.746,447.0,445.0
1632294994.045,448.0,445.0
1632294994.344,449.0,445.0
1632294994.667,449.0,446.0
1632294994.946,449.0,446.0
1632294995.245,449.0,447.0
1632294995.552,449.0,447.0
1632294995.843,449.0,448.0
1632294996.142,448.0,448.0
1632294996.445,448.0,448.0
1632294996.765,448.0,448.0
1632294997.043,448.0,448.0
1632294997.342,448.0,448.0
1632294997.65,448.0,448.0
1632294997.944,448.0,448.0
1632294998.243,448.0,448.0
1632294998.542,448.0,448.0
1632294998.866,448.0,448.0
1632294999.145,447.0,448.0
1632294999.444,448.0,447.0
1632294999.751,448.0,447.0
1632295000.042,448.0,447.0
1632295000.341,448.0,447.0
1632295000.644,448.0,447.0
1632295000.963,447.0,447.0
1632295001.242,447.0,447.0
1632295001.541,447.0,447.0
1632295001.848,447.0,447.0
1632295002.143,446.0,447.0
1632295002.442,446.0,447.0
1632295002.741,446.0,447.0
1632295003.065,445.0,447.0
1632295003.339,445.0,446.0
1632295003.642,445.0,446.0
1632295003.95,445.0,446.0
1632295004.24,444.0,445.0
1632295004.539,444.0,445.0
1632295004.838,444.0,445.0
1632295005.162,444.0,445.0
1632295005.441,444.0,444.0
1632295005.74,444.0,444.0
1632295006.047,444.0,444.0
1632295006.342,444.0,444.0
1632295006.641,444.0,444.0
1632295006.94,444.0,444.0
1632295007.263,444.0,444.0
1632295007.538,444.0,444.0
1632295007.841,444.0,444.0
1632295008.148,444.0,444.0
1632295008.439,443.0,444.0
1632295008.738,444.0,443.0
1632295009.037,444.0,443.0
1632295009.361,444.0,443.0
1632295009.639,443.0,443.0
1632295009.938,444.0,443.0
1632295010.237,444.0,443.0
1632295010.536,444.0,443.0
1632295010.839,444.0,443.0
1632295011.139,444.0,443.0
1632295011.438,444.0,443.0
1632295011.737,444.0,443.0
1632295012.04,444.0,443.0
1632295012.339,444.0,443.0
1632295012.638,444.0,443.0
1632295012.937,444.0,444.0
1632295013.236,445.0,444.0
1632295013.539,445.0,444.0
1632295013.838,445.0,444.0
1632295014.137,445.0,444.0
1632295014.436,445.0,444.0
1632295014.752,446.0,444.0
1632295015.038,446.0,444.0
1632295015.337,446.0,444.0
1632295015.636,446.0,445.0
1632295015.968,446.0,445.0
1632295016.234,446.0,445.0
1632295016.537,446.0,445.0
1632295016.853,446.0,445.0
1632295017.136,446.0,445.0
1632295017.435,446.0,445.0
1632295017.738,447.0,446.0
1632295018.065,446.0,446.0
1632295018.336,447.0,446.0
1632295018.635,447.0,446.0
1632295018.95,447.0,446.0
1632295019.237,446.0,446.0
1632295019.536,446.0,446.0
1632295019.835,446.0,446.0
1632295020.167,446.0,446.0
1632295020.433,446.0,446.0
1632295020.736,446.0,446.0
1632295021.047,445.0,446.0
1632295021.334,445.0,446.0
1632295021.633,445.0,446.0
1632295021.932,444.0,445.0
1632295022.264,444.0,445.0
1632295022.534,444.0,445.0
1632295022.833,444.0,445.0
1632295023.145,444.0,444.0
1632295023.432,443.0,444.0
1632295023.735,443.0,444.0
1632295024.034,443.0,444.0
1632295024.361,443.0,443.0
1632295024.632,443.0,443.0
1632295024.935,443.0,443.0
1632295025.246,443.0,443.0
1632295025.533,442.0,443.0
1632295025.832,443.0,443.0
1632295026.131,443.0,443.0
1632295026.463,443.0,442.0
1632295026.733,443.0,442.0
1632295027.032,442.0,442.0
1632295027.344,442.0,442.0
1632295027.63,442.0,442.0
1632295027.933,442.0,442.0
1632295028.232,442.0,442.0
1632295028.56,442.0,442.0
1632295028.83,442.0,442.0
1632295029.129,442.0,442.0
1632295029.445,442.0,442.0
1632295029.732,441.0,442.0
1632295030.031,441.0,441.0
1632295030.33,441.0,441.0
1632295030.661,441.0,441.0
1632295030.932,441.0,441.0
1632295031.231,441.0,441.0
1632295031.542,441.0,441.0
1632295031.829,441.0,441.0
1632295032.132,442.0,441.0
1632295032.431,442.0,441.0
1632295032.759,442.0,441.0
1632295033.029,442.0,441.0
1632295033.328,443.0,441.0
1632295033.644,443.0,441.0
1632295033.93,443.0,441.0
1632295034.229,443.0,442.0
1632295034.528,443.0,442.0
1632295034.86,444.0,442.0
1632295035.13,444.0,442.0
1632295035.43,444.0,442.0
1632295035.741,444.0,443.0
1632295036.028,444.0,443.0
1632295036.331,444.0,443.0
1632295036.63,444.0,443.0
1632295036.957,444.0,443.0
1632295037.228,444.0,443.0
1632295037.527,445.0,443.0
1632295037.842,445.0,444.0
1632295038.129,445.0,444.0
1632295038.428,445.0,444.0
1632295038.727,445.0,444.0
1632295039.059,445.0,444.0
1632295039.329,445.0,444.0
1632295039.628,445.0,444.0
1632295039.94,445.0,444.0
1632295040.226,445.0,444.0
1632295040.525,445.0,445.0
1632295040.828,445.0,445.0
1632295041.156,445.0,445.0
1632295041.427,445.0,445.0
1632295041.726,445.0,445.0
1632295042.041,444.0,445.0
1632295042.328,444.0,444.0
1632295042.627,444.0,444.0
1632295042.926,444.0,444.0
1632295043.258,444.0,444.0
1632295043.528,444.0,444.0
1632295043.827,444.0,444.0
1632295044.138,443.0,444.0
1632295044.425,443.0,444.0
1632295044.724,443.0,443.0
1632295045.027,443.0,443.0
1632295045.326,443.0,443.0
1632295045.625,443.0,443.0
1632295045.924,443.0,443.0
1632295046.223,443.0,443.0
1632295046.526,443.0,443.0
1632295046.825,443.0,443.0
1632295047.124,442.0,443.0
1632295047.424,442.0,442.0
1632295047.723,442.0,442.0
1632295048.026,442.0,442.0
1632295048.325,442.0,442.0
1632295048.624,442.0,442.0
1632295048.923,442.0,442.0
1632295049.226,442.0,442.0
1632295049.537,442.0,442.0
1632295049.824,442.0,442.0
1632295050.123,442.0,442.0
1632295050.422,442.0,442.0
1632295050.746,442.0,442.0
1632295051.024,442.0,442.0
1632295051.323,443.0,442.0
1632295051.63,443.0,442.0
1632295051.921,443.0,442.0
1632295052.224,443.0,442.0
1632295052.523,443.0,442.0
1632295052.847,443.0,442.0
1632295053.121,443.0,442.0
1632295053.42,444.0,442.0
1632295053.728,444.0,442.0
1632295054.023,444.0,443.0
1632295054.322,444.0,443.0
1632295054.621,444.0,443.0
1632295054.944,444.0,443.0
1632295055.223,444.0,443.0
1632295055.522,444.0,443.0
1632295055.829,444.0,443.0
1632295056.12,444.0,443.0
1632295056.423,444.0,444.0
1632295056.722,445.0,444.0
1632295057.042,445.0,444.0
1632295057.32,445.0,444.0
1632295057.619,445.0,444.0
1632295057.926,445.0,444.0
1632295058.221,445.0,444.0
1632295058.52,445.0,444.0
1632295058.819,445.0,444.0
1632295059.143,445.0,444.0
1632295059.421,445.0,444.0
1632295059.721,445.0,445.0
1632295060.028,445.0,445.0
1632295060.319,445.0,445.0
1632295060.618,445.0,445.0
1632295060.921,445.0,445.0
1632295061.24,445.0,445.0
1632295061.519,445.0,445.0
1632295061.818,445.0,445.0
1632295062.125,445.0,445.0
1632295062.42,445.0,445.0
1632295062.719,445.0,445.0
1632295063.018,445.0,445.0
1632295063.342,445.0,445.0
1632295063.62,445.0,445.0
1632295063.919,444.0,445.0
1632295064.226,444.0,444.0
1632295064.517,444.0,444.0
1632295064.816,444.0,444.0
1632295065.119,444.0,444.0
1632295065.439,444.0,444.0
1632295065.718,444.0,444.0
1632295066.017,444.0,444.0
1632295066.324,444.0,444.0
1632295066.619,444.0,444.0
1632295066.918,444.0,444.0
1632295067.217,444.0,444.0
1632295067.54,444.0,444.0
1632295067.819,443.0,444.0
1632295068.118,443.0,443.0
1632295068.425,443.0,443.0
1632295068.716,443.0,443.0
1632295069.015,443.0,443.0
1632295069.318,443.0,443.0
1632295069.638,443.0,443.0
1632295069.916,443.0,443.0
1632295070.215,443.0,443.0
1632295070.523,443.0,443.0
1632295070.817,443.0,443.0
1632295071.116,443.0,443.0
1632295071.415,443.0,443.0
1632295071.739,443.0,443.0
1632295072.014,443.0,443.0
1632295072.317,443.0,443.0
1632295072.624,443.0,443.0
1632295072.915,443.0,443.0
1632295073.214,444.0,443.0
1632295073.517,444.0,443.0
1632295073.836,444.0,443.0
1632295074.115,444.0,443.0
1632295074.414,444.0,443.0
1632295074.721,444.0,443.0
1632295075.016,444.0,443.0
1632295075.315,445.0,443.0
1632295075.614,445.0,443.0
1632295075.938,445.0,444.0
1632295076.212,445.0,444.0
1632295076.515,445.0,444.0
1632295076.823,445.0,444.0
1632295077.113,446.0,444.0
1632295077.412,446.0,444.0
1632295077.711,446.0,445.0
1632295078.035,446.0,445.0
1632295078.314,446.0,445.0
1632295078.613,446.0,445.0
1632295078.92,446.0,445.0
1632295079.211,446.0,445.0
1632295079.514,445.0,445.0
1632295079.813,445.0,445.0
1632295080.112,445.0,445.0
1632295080.411,445.0,445.0
1632295080.714,445.0,445.0
1632295081.013,445.0,445.0
1632295081.312,445.0,445.0
1632295081.611,445.0,445.0
1632295081.91,444.0,445.0
1632295082.213,444.0,445.0
1632295082.512,444.0,444.0
1632295082.811,444.0,444.0
1632295083.11,444.0,444.0
1632295083.409,444.0,444.0
1632295083.712,444.0,444.0
1632295084.012,444.0,444.0
1632295084.311,443.0,444.0
1632295084.642,444.0,444.0
1632295084.909,444.0,443.0
1632295085.212,444.0,443.0
1632295085.527,443.0,443.0
1632295085.81,443.0,443.0
1632295086.109,443.0,443.0
1632295086.412,443.0,443.0
1632295086.74,443.0,443.0
1632295087.01,443.0,443.0
1632295087.309,443.0,443.0
1632295087.625,443.0,443.0
1632295087.911,443.0,443.0
1632295088.21,444.0,443.0
1632295088.509,444.0,443.0
1632295088.841,444.0,443.0
1632295089.107,444.0,443.0
1632295089.41,444.0,443.0
1632295089.722,444.0,443.0
1632295090.009,445.0,443.0
1632295090.308,445.0,443.0
1632295090.607,445.0,444.0
1632295090.938,445.0,444.0
1632295091.209,445.0,444.0
1632295091.508,445.0,444.0
1632295091.819,445.0,444.0
1632295092.11,446.0,444.0
1632295092.409,446.0,444.0
1632295092.708,446.0,445.0
1632295093.036,446.0,445.0
1632295093.306,446.0,445.0
1632295093.609,446.0,445.0
1632295093.92,446.0,445.0
1632295094.207,446.0,445.0
1632295094.506,446.0,445.0
1632295094.805,446.0,445.0
1632295095.137,446.0,446.0
1632295095.407,446.0,446.0
1632295095.706,446.0,446.0
1632295096.018,445.0,446.0
1632295096.305,444.0,445.0
1632295096.608,445.0,445.0
1632295096.907,445.0,445.0
1632295097.234,444.0,445.0
1632295097.505,444.0,445.0
1632295097.804,444.0,445.0
1632295098.119,444.0,444.0
1632295098.406,443.0,444.0
1632295098.705,444.0,444.0
1632295099.004,444.0,444.0
1632295099.336,444.0,444.0
1632295099.606,443.0,444.0
1632295099.905,443.0,443.0
1632295100.217,443.0,443.0
1632295100.503,443.0,443.0
1632295100.806,443.0,443.0
1632295101.105,443.0,443.0
1632295101.433,443.0,443.0
1632295101.703,443.0,443.0
1632295102.003,443.0,443.0
1632295102.318,443.0,443.0
1632295102.605,443.0,443.0
1632295102.904,444.0,443.0
1632295103.203,444.0,443.0
1632295103.534,444.0,443.0
1632295103.805,444.0,443.0
1632295104.104,444.0,443.0
1632295104.415,444.0,443.0
1632295104.702,446.0,443.0
1632295105.005,445.0,443.0
1632295105.304,445.0,444.0
1632295105.632,445.0,444.0
1632295105.902,445.0,444.0
1632295106.201,445.0,444.0
1632295106.517,445.0,444.0
1632295106.803,445.0,444.0
1632295107.102,446.0,444.0
1632295107.401,446.0,445.0
1632295107.733,446.0,445.0
1632295108.003,446.0,445.0
1632295108.303,446.0,445.0
1632295108.614,446.0,445.0
1632295108.901,446.0,445.0
1632295109.2,446.0,445.0
1632295109.503,446.0,445.0
1632295109.831,447.0,445.0
1632295110.101,447.0,446.0
1632295110.4,447.0,446.0
1632295110.715,447.0,446.0
1632295111.002,447.0,446.0
1632295111.301,447.0,446.0
1632295111.6,447.0,446.0
1632295111.932,447.0,446.0
1632295112.202,447.0,446.0
1632295112.501,447.0,446.0
1632295112.813,446.0,447.0
1632295113.099,446.0,446.0
1632295113.398,446.0,446.0
1632295113.701,446.0,446.0
1632295114.029,446.0,446.0
1632295114.3,446.0,446.0
1632295114.599,445.0,446.0
1632295114.898,445.0,446.0
1632295115.201,444.0,446.0
1632295115.5,445.0,445.0
1632295115.799,445.0,445.0
1632295116.098,445.0,445.0
1632295116.397,445.0,445.0
1632295116.7,445.0,445.0
1632295116.999,445.0,445.0
1632295117.298,445.0,445.0
1632295117.597,445.0,444.0
1632295117.9,445.0,444.0
1632295118.199,445.0,444.0
1632295118.498,444.0,445.0
1632295118.797,445.0,444.0
1632295119.096,445.0,444.0
1632295119.399,445.0,444.0
1632295119.698,445.0,444.0
1632295119.997,445.0,444.0
1632295120.305,445.0,444.0
1632295120.596,445.0,444.0
1632295120.899,445.0,444.0
1632295121.198,445.0,444.0
1632295121.521,444.0,444.0
1632295121.796,444.0,444.0
1632295122.095,444.0,444.0
1632295122.402,444.0,444.0
1632295122.697,444.0,444.0
1632295122.996,444.0,444.0
1632295123.295,444.0,444.0
1632295123.619,444.0,444.0
1632295123.897,444.0,444.0
1632295124.196,444.0,444.0
1632295124.503,443.0,444.0
1632295124.794,443.0,443.0
1632295125.097,443.0,443.0
1632295125.396,443.0,443.0
1632295125.716,443.0,443.0
1632295125.994,443.0,443.0
1632295126.293,443.0,443.0
1632295126.601,443.0,443.0
1632295126.896,443.0,443.0
1632295127.195,443.0,443.0
1632295127.494,443.0,443.0
1632295127.817,443.0,443.0
1632295128.096,443.0,443.0
1632295128.395,443.0,443.0
1632295128.698,443.0,443.0
1632295128.993,443.0,443.0
1632295129.292,443.0,443.0
1632295129.595,443.0,443.0
1632295129.915,443.0,443.0
1632295130.193,443.0,443.0
1632295130.492,443.0,443.0
1632295130.799,443.0,443.0
1632295131.094,443.0,443.0
1632295131.393,443.0,443.0
1632295131.692,443.0,443.0
1632295132.016,443.0,443.0
1632295132.294,443.0,443.0
1632295132.594,443.0,443.0
1632295132.901,443.0,443.0
1632295133.192,443.0,443.0
1632295133.491,443.0,443.0
1632295133.794,443.0,443.0
1632295134.113,444.0,443.0
1632295134.392,444.0,443.0
1632295134.691,444.0,443.0
1632295134.998,444.0,443.0
1632295135.293,444.0,443.0
1632295135.592,444.0,443.0
1632295135.891,444.0,443.0
1632295136.215,444.0,443.0
1632295136.493,444.0,443.0
1632295136.792,444.0,443.0
1632295137.099,444.0,444.0
1632295137.39,445.0,444.0
1632295137.689,445.0,444.0
1632295137.992,445.0,444.0
1632295138.312,445.0,444.0
1632295138.591,445.0,444.0
1632295138.89,445.0,444.0
1632295139.197,445.0,444.0
1632295139.492,446.0,444.0
1632295139.791,445.0,444.0
1632295140.09,445.0,445.0
1632295140.413,445.0,445.0
1632295140.688,445.0,445.0
1632295140.991,445.0,445.0
1632295141.298,445.0,445.0
1632295141.589,445.0,445.0
1632295141.888,446.0,445.0
1632295142.191,446.0,445.0
1632295142.511,446.0,445.0
1632295142.789,446.0,445.0
1632295143.088,446.0,445.0
1632295143.396,446.0,445.0
1632295143.69,446.0,445.0
1632295143.989,446.0,445.0
1632295144.288,446.0,445.0
1632295144.612,446.0,445.0
1632295144.887,446.0,446.0
1632295145.19,446.0,446.0
1632295145.497,446.0,446.0
1632295145.788,445.0,446.0
1632295146.087,446.0,445.0
1632295146.386,446.0,445.0
1632295146.709,446.0,445.0
1632295146.988,446.0,445.0
1632295147.287,446.0,445.0
1632295147.594,446.0,445.0
1632295147.885,446.0,445.0
1632295148.188,445.0,445.0
1632295148.487,445.0,445.0
1632295148.811,445.0,445.0
1632295149.085,445.0,445.0
1632295149.388,445.0,445.0
1632295149.687,444.0,445.0
1632295149.986,445.0,445.0
1632295150.285,444.0,445.0
1632295150.585,444.0,445.0
1632295150.888,444.0,444.0
1632295151.187,444.0,444.0
1632295151.486,444.0,444.0
1632295151.785,444.0,444.0
1632295152.084,444.0,444.0
1632295152.387,444.0,444.0
1632295152.686,444.0,444.0
1632295152.985,444.0,444.0
1632295153.284,444.0,444.0
1632295153.583,444.0,444.0
1632295153.886,444.0,444.0
1632295154.185,444.0,444.0
1632295154.484,444.0,444.0
1632295154.783,443.0,444.0
1632295155.086,444.0,443.0
1632295155.418,444.0,443.0
1632295155.684,444.0,443.0
1632295155.983,444.0,443.0
1632295156.299,444.0,443.0
1632295156.586,444.0,443.0
1632295156.885,444.0,443.0
1632295157.184,443.0,443.0
1632295157.515,443.0,443.0
1632295157.782,443.0,443.0
1632295158.085,444.0,443.0
1632295158.4,444.0,443.0
1632295158.683,444.0,443.0
1632295158.982,443.0,443.0
1632295159.281,443.0,443.0
1632295159.613,443.0,443.0
1632295159.883,443.0,443.0
1632295160.182,443.0,443.0
1632295160.497,443.0,443.0
1632295160.78,443.0,443.0
1632295161.083,443.0,443.0
1632295161.382,443.0,443.0
1632295161.71,443.0,443.0
1632295161.98,443.0,443.0
1632295162.283,443.0,443.0
1632295162.595,443.0,443.0
1632295162.882,443.0,443.0
1632295163.181,443.0,443.0
1632295163.48,443.0,443.0
1632295163.811,443.0,443.0
1632295164.082,443.0,443.0
1632295164.381,443.0,443.0
1632295164.692,443.0,443.0
1632295164.979,443.0,443.0
1632295165.282,443.0,443.0
1632295165.581,443.0,443.0
1632295165.909,443.0,443.0
1632295166.179,443.0,443.0
1632295166.478,443.0,443.0
1632295166.794,444.0,443.0
1632295167.08,443.0,443.0
1632295167.379,444.0,443.0
1632295167.678,444.0,443.0
1632295168.01,444.0,443.0
1632295168.28,444.0,443.0
1632295168.579,444.0,443.0
1632295168.891,444.0,443.0
1632295169.178,444.0,443.0
1632295169.481,444.0,443.0
1632295169.78,444.0,443.0
1632295170.107,445.0,443.0
1632295170.378,445.0,444.0
1632295170.677,445.0,444.0
1632295170.992,445.0,444.0
1632295171.279,445.0,444.0
1632295171.578,445.0,444.0
1632295171.877,446.0,444.0
1632295172.209,446.0,444.0
1632295172.479,446.0,445.0
1632295172.779,446.0,445.0
1632295173.09,446.0,445.0
1632295173.376,446.0,445.0
1632295173.679,447.0,445.0
1632295173.978,447.0,445.0
1632295174.306,447.0,446.0
1632295174.577,447.0,446.0
1632295174.876,447.0,446.0
1632295175.191,447.0,446.0
1632295175.478,447.0,446.0
1632295175.777,447.0,446.0
1632295176.076,447.0,446.0
1632295176.408,447.0,446.0
1632295176.678,447.0,447.0
1632295176.977,447.0,447.0
1632295177.288,447.0,447.0
1632295177.575,447.0,447.0
1632295177.874,447.0,447.0
1632295178.177,447.0,447.0
1632295178.505,447.0,447.0
1632295178.775,447.0,447.0
1632295179.074,447.0,447.0
1632295179.39,447.0,447.0
1632295179.676,447.0,447.0
1632295179.975,447.0,447.0
1632295180.274,447.0,447.0
1632295180.606,448.0,447.0
1632295180.877,448.0,447.0
1632295181.176,448.0,447.0
1632295181.487,448.0,447.0
1632295181.776,448.0,447.0
1632295182.073,448.0,447.0
1632295182.376,448.0,447.0
1632295182.704,448.0,447.0
1632295182.974,448.0,447.0
1632295183.273,448.0,447.0
1632295183.588,447.0,448.0
1632295183.875,448.0,447.0
1632295184.174,448.0,447.0
1632295184.473,447.0,447.0
1632295184.772,447.0,447.0
1632295185.071,447.0,447.0
1632295185.374,447.0,447.0
1632295185.673,447.0,447.0
1632295185.972,447.0,447.0
1632295186.271,448.0,447.0
1632295186.574,447.0,447.0
1632295186.873,447.0,447.0
1632295187.173,447.0,447.0
1632295187.472,447.0,447.0
1632295187.771,447.0,447.0
1632295188.074,447.0,447.0
1632295188.373,447.0,447.0
1632295188.672,447.0,447.0
1632295188.971,447.0,447.0
1632295189.27,447.0,447.0
1632295189.573,447.0,447.0
1632295189.872,447.0,447.0
1632295190.196,447.0,447.0
1632295190.47,448.0,447.0
1632295190.769,448.0,447.0
1632295191.08,448.0,447.0
1632295191.371,448.0,447.0
1632295191.67,449.0,447.0
1632295191.969,449.0,447.0
1632295192.293,449.0,447.0
1632295192.571,449.0,448.0
1632295192.87,449.0,448.0
1632295193.178,449.0,448.0
1632295193.469,449.0,448.0
1632295193.772,449.0,448.0
1632295194.071,449.0,448.0
1632295194.39,449.0,448.0
1632295194.67,450.0,449.0
1632295194.968,450.0,449.0
1632295195.275,450.0,449.0
1632295195.57,451.0,449.0
1632295195.869,451.0,449.0
1632295196.168,452.0,449.0
1632295196.492,451.0,450.0
1632295196.77,451.0,450.0
1632295197.07,451.0,450.0
1632295197.373,450.0,450.0
1632295197.667,451.0,450.0
1632295197.967,451.0,450.0
1632295198.269,450.0,450.0
1632295198.589,450.0,450.0
1632295198.868,450.0,450.0
1632295199.167,450.0,450.0
1632295199.474,450.0,450.0
1632295199.769,450.0,450.0
1632295200.068,450.0,450.0
1632295200.367,450.0,450.0
1632295200.69,450.0,450.0
1632295200.969,451.0,450.0
1632295201.268,451.0,450.0
1632295201.571,450.0,450.0
1632295201.866,451.0,450.0
1632295202.165,450.0,450.0
1632295202.468,450.0,450.0
1632295202.788,450.0,450.0
1632295203.066,449.0,450.0
1632295203.366,449.0,450.0
1632295203.672,448.0,450.0
1632295203.968,448.0,449.0
1632295204.267,448.0,449.0
1632295204.566,448.0,449.0
1632295204.889,448.0,449.0
1632295205.168,447.0,448.0
1632295205.467,447.0,448.0
1632295205.77,447.0,448.0
1632295206.065,447.0,447.0
1632295206.364,447.0,447.0
1632295206.667,447.0,447.0
1632295206.986,447.0,447.0
1632295207.265,446.0,447.0
1632295207.564,447.0,447.0
1632295207.871,447.0,447.0
1632295208.166,447.0,446.0
1632295208.465,447.0,446.0
1632295208.764,448.0,446.0
1632295209.088,447.0,447.0
1632295209.362,447.0,447.0
1632295209.665,447.0,447.0
1632295209.968,446.0,447.0
1632295210.264,446.0,446.0
1632295210.563,446.0,446.0
1632295210.862,446.0,446.0
1632295211.185,446.0,446.0
1632295211.464,446.0,446.0
1632295211.763,446.0,446.0
1632295212.07,446.0,446.0
1632295212.365,446.0,446.0
1632295212.664,446.0,446.0
1632295212.963,446.0,446.0
1632295213.286,447.0,446.0
1632295213.561,447.0,446.0
1632295213.864,447.0,446.0
1632295214.167,447.0,446.0
1632295214.462,447.0,446.0
1632295214.761,447.0,446.0
1632295215.06,447.0,446.0
1632295215.384,448.0,446.0
1632295215.662,449.0,446.0
1632295215.961,449.0,447.0
1632295216.269,448.0,447.0
1632295216.56,448.0,447.0
1632295216.863,448.0,447.0
1632295217.162,448.0,447.0
1632295217.485,448.0,447.0
1632295217.76,447.0,448.0
1632295218.063,447.0,448.0
1632295218.366,447.0,448.0
1632295218.661,447.0,447.0
1632295218.96,447.0,447.0
1632295219.259,447.0,447.0
1632295219.562,446.0,447.0
1632295219.861,446.0,447.0
1632295220.16,446.0,447.0
1632295220.459,446.0,446.0
1632295220.758,446.0,446.0
1632295221.061,446.0,446.0
1632295221.36,446.0,446.0
1632295221.659,446.0,446.0
1632295221.959,446.0,446.0
1632295222.258,446.0,446.0
1632295222.561,446.0,446.0
1632295222.86,446.0,446.0
1632295223.159,446.0,446.0
1632295223.458,446.0,446.0
1632295223.761,446.0,446.0
1632295224.06,446.0,446.0
1632295224.359,446.0,446.0
1632295224.658,447.0,446.0
1632295224.973,447.0,446.0
1632295225.26,447.0,446.0
1632295225.559,447.0,446.0
1632295225.858,447.0,446.0
1632295226.19,447.0,446.0
1632295226.456,447.0,446.0
1632295226.759,447.0,446.0
1632295227.075,447.0,446.0
1632295227.358,447.0,446.0
1632295227.656,447.0,447.0
1632295227.955,447.0,447.0
1632295228.287,447.0,447.0
1632295228.558,447.0,447.0
1632295228.857,447.0,447.0
1632295229.172,447.0,447.0
1632295229.455,447.0,447.0
1632295229.758,447.0,447.0
1632295230.057,447.0,447.0
1632295230.384,447.0,447.0
1632295230.655,447.0,447.0
1632295230.958,447.0,447.0
1632295231.269,447.0,447.0
1632295231.556,447.0,447.0
1632295231.855,447.0,447.0
1632295232.154,447.0,447.0
1632295232.486,447.0,447.0
1632295232.756,447.0,447.0
1632295233.055,447.0,447.0
1632295233.367,447.0,447.0
1632295233.653,448.0,447.0
1632295233.956,447.0,447.0
1632295234.255,447.0,447.0
1632295234.583,447.0,447.0
1632295234.854,447.0,447.0
1632295235.153,447.0,447.0
1632295235.468,448.0,447.0
1632295235.755,447.0,447.0
1632295236.054,448.0,447.0
1632295236.353,448.0,447.0
1632295236.684,448.0,447.0
1632295236.955,448.0,447.0
1632295237.254,448.0,447.0
1632295237.565,448.0,447.0
1632295237.852,447.0,447.0
1632295238.155,448.0,447.0
1632295238.454,448.0,447.0
1632295238.782,448.0,447.0
1632295239.052,447.0,447.0
1632295239.351,447.0,447.0
1632295239.667,447.0,447.0
1632295239.953,448.0,447.0
1632295240.252,447.0,447.0
1632295240.551,447.0,447.0
1632295240.883,448.0,447.0
1632295241.154,448.0,447.0
1632295241.453,448.0,447.0
1632295241.764,448.0,447.0
1632295242.051,448.0,447.0
1632295242.354,449.0,447.0
1632295242.653,449.0,447.0
1632295242.981,449.0,448.0
1632295243.251,449.0,448.0
1632295243.55,449.0,448.0
1632295243.865,449.0,448.0
1632295244.152,449.0,448.0
1632295244.451,449.0,448.0
1632295244.75,449.0,448.0
1632295245.082,449.0,448.0
1632295245.352,450.0,449.0
1632295245.651,450.0,449.0
1632295245.963,450.0,449.0
1632295246.25,450.0,449.0
1632295246.549,450.0,449.0
1632295246.852,450.0,449.0
1632295247.179,450.0,449.0
1632295247.45,450.0,449.0
1632295247.749,450.0,449.0
1632295248.064,450.0,449.0
1632295248.351,450.0,450.0
1632295248.65,450.0,450.0
1632295248.949,450.0,450.0
1632295249.281,450.0,450.0
1632295249.551,450.0,450.0
1632295249.85,450.0,450.0
1632295250.161,449.0,450.0
1632295250.448,450.0,449.0
1632295250.747,449.0,449.0
1632295251.05,449.0,449.0
1632295251.378,449.0,449.0
1632295251.648,449.0,449.0
1632295251.947,449.0,449.0
1632295252.263,449.0,449.0
1632295252.55,449.0,449.0
1632295252.849,449.0,449.0
1632295253.148,449.0,449.0
1632295253.479,449.0,449.0
1632295253.746,449.0,449.0
1632295254.049,449.0,449.0
1632295254.36,449.0,449.0
1632295254.647,448.0,449.0
1632295254.946,448.0,448.0
1632295255.249,448.0,448.0
1632295255.548,448.0,448.0
1632295255.847,448.0,448.0
1632295256.146,448.0,448.0
1632295256.445,448.0,448.0
1632295256.748,448.0,448.0
1632295257.047,448.0,448.0
1632295257.346,448.0,448.0
1632295257.645,448.0,448.0
1632295257.944,448.0,448.0
1632295258.248,448.0,448.0
1632295258.547,448.0,448.0
1632295258.846,448.0,448.0
1632295259.145,448.0,448.0
1632295259.444,448.0,448.0
1632295259.755,449.0,448.0
1632295260.046,449.0,448.0
1632295260.345,449.0,448.0
1632295260.644,449.0,448.0
1632295260.967,449.0,448.0
1632295261.246,449.0,448.0
1632295261.545,449.0,448.0
1632295261.852,449.0,448.0
1632295262.143,449.0,448.0
1632295262.446,449.0,448.0
1632295262.745,449.0,449.0
1632295263.069,449.0,449.0
1632295263.343,449.0,449.0
1632295263.642,449.0,449.0
1632295263.95,449.0,449.0
1632295264.245,449.0,449.0
1632295264.544,449.0,449.0
1632295264.843,449.0,449.0
1632295265.166,449.0,449.0
1632295265.445,449.0,449.0
1632295265.744,449.0,449.0
1632295266.051,449.0,449.0
1632295266.342,449.0,449.0
1632295266.641,449.0,449.0
1632295266.944,449.0,449.0
1632295267.263,449.0,449.0
1632295267.542,449.0,449.0
1632295267.841,449.0,449.0
1632295268.148,449.0,449.0
1632295268.443,449.0,449.0
1632295268.742,449.0,449.0
1632295269.041,449.0,449.0
1632295269.365,449.0,449.0
1632295269.643,449.0,449.0
1632295269.943,449.0,449.0
1632295270.245,449.0,449.0
1632295270.541,449.0,449.0
1632295270.84,448.0,449.0
1632295271.143,448.0,448.0
1632295271.462,448.0,448.0
1632295271.741,448.0,448.0
1632295272.04,448.0,448.0
1632295272.347,448.0,448.0
1632295272.642,448.0,448.0
1632295272.941,448.0,448.0
1632295273.24,448.0,448.0
1632295273.563,447.0,448.0
1632295273.842,448.0,447.0
1632295274.141,448.0,447.0
1632295274.444,447.0,447.0
1632295274.739,447.0,447.0
1632295275.038,447.0,447.0
1632295275.341,447.0,447.0
1632295275.661,447.0,447.0
1632295275.939,447.0,447.0
1632295276.238,447.0,447.0
1632295276.545,447.0,447.0
1632295276.841,447.0,447.0
1632295277.14,447.0,447.0
1632295277.438,447.0,447.0
1632295277.762,447.0,447.0
1632295278.037,446.0,447.0
1632295278.34,446.0,446.0
1632295278.643,446.0,446.0
1632295278.938,446.0,446.0
1632295279.237,446.0,446.0
1632295279.536,446.0,446.0
1632295279.86,446.0,446.0
1632295280.138,446.0,446.0
1632295280.437,446.0,446.0
1632295280.744,446.0,446.0
1632295281.039,445.0,446.0
1632295281.338,446.0,445.0
1632295281.637,446.0,445.0
1632295281.961,446.0,445.0
1632295282.236,446.0,445.0
1632295282.539,446.0,445.0
1632295282.842,446.0,445.0
1632295283.137,446.0,445.0
1632295283.436,446.0,445.0
1632295283.735,446.0,445.0
1632295284.058,446.0,445.0
1632295284.337,446.0,446.0
1632295284.636,446.0,446.0
1632295284.943,446.0,446.0
1632295285.234,446.0,446.0
1632295285.537,447.0,446.0
1632295285.836,447.0,446.0
1632295286.16,447.0,446.0
1632295286.434,447.0,446.0
1632295286.737,447.0,446.0
1632295287.04,447.0,446.0
1632295287.335,447.0,446.0
1632295287.634,447.0,446.0
1632295287.933,447.0,446.0
1632295288.257,447.0,446.0
1632295288.536,447.0,447.0
1632295288.835,447.0,447.0
1632295289.142,447.0,447.0
1632295289.433,447.0,447.0
1632295289.736,447.0,447.0
1632295290.035,447.0,447.0
1632295290.334,447.0,447.0
1632295290.633,447.0,447.0
1632295290.932,448.0,447.0
1632295291.235,448.0,447.0
1632295291.534,448.0,447.0
1632295291.833,448.0,447.0
1632295292.132,448.0,447.0
1632295292.431,448.0,447.0
1632295292.734,448.0,447.0
1632295293.033,448.0,447.0
1632295293.332,448.0,447.0
1632295293.631,448.0,447.0
1632295293.934,448.0,448.0
1632295294.233,448.0,448.0
1632295294.536,448.0,448.0
1632295294.864,448.0,448.0
1632295295.131,448.0,448.0
1632295295.434,448.0,448.0
1632295295.749,448.0,448.0
1632295296.032,448.0,448.0
1632295296.331,447.0,448.0
1632295296.634,448.0,447.0
1632295296.962,448.0,447.0
1632295297.232,448.0,447.0
1632295297.531,448.0,447.0
1632295297.846,448.0,447.0
1632295298.129,447.0,447.0
1632295298.432,447.0,447.0
1632295298.731,447.0,447.0
1632295299.063,447.0,447.0
1632295299.329,447.0,447.0
1632302603.731,471.0,479.0
1632302604.03,469.0,478.0
1632302604.333,468.0,477.0
1632302604.632,466.0,475.0
1632302604.931,464.0,474.0
1632302605.23,463.0,472.0
1632302605.533,462.0,471.0
1632302605.832,461.0,469.0
1632302606.131,460.0,467.0
1632302606.43,459.0,465.0
1632302606.729,458.0,464.0
1632302607.032,458.0,463.0
1632302607.331,457.0,461.0
1632302607.63,456.0,460.0
1632302607.929,456.0,459.0
1632302608.228,455.0,459.0
1632302608.531,455.0,458.0
1632302608.859,455.0,457.0
1632302609.129,455.0,456.0
1632302609.428,454.0,456.0
1632302609.744,454.0,455.0
1632302610.031,454.0,455.0
1632302610.33,453.0,455.0
1632302610.629,453.0,454.0
1632302610.956,453.0,454.0
1632302611.231,452.0,454.0
1632302611.53,452.0,453.0
1632302611.841,452.0,453.0
1632302612.128,451.0,453.0
1632302612.427,451.0,452.0
1632302612.73,451.0,452.0
1632302613.058,451.0,452.0
1632302613.328,451.0,451.0
1632302613.627,450.0,451.0
1632302613.938,450.0,451.0
1632302614.229,450.0,451.0
1632302614.528,450.0,450.0
1632302614.827,450.0,450.0
1632302615.155,450.0,450.0
1632302615.426,450.0,450.0
1632302615.729,450.0,450.0
1632302616.04,450.0,450.0
1632302616.327,449.0,450.0
1632302616.626,450.0,449.0
1632302616.925,450.0,449.0
1632302617.252,449.0,449.0
1632302617.527,449.0,449.0
1632302617.826,449.0,449.0
1632302618.137,449.0,449.0
1632302618.428,449.0,449.0
1632302618.727,449.0,449.0
1632302619.026,449.0,449.0
1632302619.354,449.0,449.0
1632302619.624,449.0,449.0
1632302619.927,449.0,449.0
1632302620.238,449.0,449.0
1632302620.525,451.0,449.0
1632302620.824,449.0,449.0
1632302621.123,449.0,449.0
1632302621.451,449.0,449.0
1632302621.725,449.0,449.0
1632302622.024,449.0,449.0
1632302622.336,449.0,449.0
1632302622.623,448.0,449.0
1632302622.926,449.0,449.0
1632302623.225,449.0,449.0
1632302623.552,449.0,449.0
1632302623.823,449.0,448.0
1632302624.126,449.0,448.0
1632302624.437,449.0,448.0
1632302624.724,448.0,448.0
1632302625.023,449.0,448.0
1632302625.322,449.0,448.0
1632302625.65,449.0,448.0
1632302625.924,449.0,448.0
1632302626.223,449.0,448.0
1632302626.534,449.0,448.0
1632302626.821,449.0,448.0
1632302627.124,449.0,448.0
1632302627.423,449.0,448.0
1632302627.751,449.0,448.0
1632302628.022,449.0,449.0
1632302628.321,449.0,449.0
1632302628.636,449.0,449.0
1632302628.923,449.0,449.0
1632302629.222,449.0,449.0
1632302629.521,449.0,449.0
1632302629.848,450.0,449.0
1632302630.123,449.0,449.0
1632302630.422,449.0,449.0
1632302630.733,449.0,449.0
1632302631.02,449.0,449.0
1632302631.323,450.0,449.0
1632302631.622,450.0,449.0
1632302631.95,450.0,449.0
1632302632.22,450.0,449.0
1632302632.519,450.0,449.0
1632302632.835,450.0,449.0
1632302633.121,450.0,449.0
1632302633.42,450.0,449.0
1632302633.719,450.0,449.0
1632302634.047,450.0,449.0
1632302634.322,450.0,450.0
1632302634.621,450.0,450.0
1632302634.932,450.0,450.0
1632302635.219,450.0,450.0
1632302635.518,450.0,450.0
1632302635.821,450.0,450.0
1632302636.149,450.0,450.0
1632302636.419,450.0,450.0
1632302636.718,450.0,450.0
1632302637.033,450.0,450.0
1632302637.32,450.0,450.0
1632302637.619,450.0,450.0
1632302637.918,450.0,450.0
1632302638.246,450.0,450.0
1632302638.52,450.0,450.0
1632302638.819,450.0,450.0
1632302639.118,450.0,450.0
1632302639.417,450.0,450.0
1632302639.717,450.0,450.0
1632302640.02,450.0,450.0
1632302640.319,450.0,450.0
1632302640.618,450.0,450.0
1632302640.917,450.0,450.0
1632302641.216,450.0,450.0
1632302641.519,450.0,450.0
1632302641.818,450.0,450.0
1632302642.117,450.0,450.0
1632302642.416,450.0,450.0
1632302642.715,450.0,450.0
1632302643.018,450.0,450.0
1632302643.317,450.0,450.0
1632302643.641,451.0,450.0
1632302643.915,450.0,450.0
1632302644.218,451.0,450.0
1632302644.521,451.0,450.0
1632302644.816,450.0,450.0
1632302645.115,450.0,450.0
1632302645.414,450.0,450.0
1632302645.738,450.0,450.0
1632302646.017,450.0,450.0
1632302646.316,450.0,450.0
1632302646.623,450.0,450.0
1632302646.914,451.0,450.0
1632302647.217,450.0,450.0
1632302647.516,450.0,450.0
1632302647.835,450.0,450.0
1632302648.114,450.0,450.0
1632302648.413,450.0,450.0
1632302648.72,450.0,450.0
1632302649.015,450.0,450.0
1632302649.314,450.0,450.0
1632302649.613,450.0,450.0
1632302649.937,449.0,450.0
1632302650.215,450.0,449.0
1632302650.514,450.0,449.0
1632302650.817,449.0,449.0
1632302651.112,450.0,449.0
1632302651.415,449.0,449.0
1632302651.714,449.0,449.0
1632302652.034,449.0,449.0
1632302652.313,449.0,449.0
1632302652.612,449.0,449.0
1632302652.915,449.0,449.0
1632302653.214,449.0,449.0
1632302653.513,449.0,449.0
1632302653.812,449.0,449.0
1632302654.131,449.0,449.0
1632302654.414,449.0,449.0
1632302654.713,449.0,449.0
1632302655.016,449.0,449.0
1632302655.311,449.0,449.0
1632302655.61,449.0,449.0
1632302655.913,449.0,449.0
1632302656.233,449.0,449.0
1632302656.511,449.0,449.0
1632302656.81,449.0,449.0
1632302657.117,449.0,449.0
1632302657.412,449.0,449.0
1632302657.712,449.0,449.0
1632302658.01,449.0,449.0
1632302658.33,449.0,449.0
1632302658.613,449.0,449.0
1632302658.912,449.0,449.0
1632302659.215,449.0,449.0
1632302659.51,451.0,449.0
1632302659.809,449.0,449.0
1632302660.112,449.0,449.0
1632302660.431,449.0,449.0
1632302660.71,449.0,449.0
1632302661.009,449.0,449.0
1632302661.316,449.0,449.0
1632302661.611,449.0,449.0
1632302661.91,449.0,449.0
1632302662.209,449.0,449.0
1632302662.529,449.0,449.0
1632302662.811,449.0,449.0
1632302663.11,449.0,449.0
1632302663.413,449.0,449.0
1632302663.708,449.0,449.0
1632302664.007,449.0,449.0
1632302664.31,449.0,449.0
1632302664.63,449.0,449.0
1632302664.909,449.0,449.0
1632302665.208,449.0,449.0
1632302665.515,449.0,449.0
1632302665.81,449.0,449.0
1632302666.109,449.0,449.0
1632302666.408,449.0,449.0
1632302666.727,449.0,449.0
1632302669.923,449.0,449.0
1632302669.931,449.0,449.0
1632302882.166,448.0,448.0
1632302882.171,448.0,448.0
1632302883.298,473.0,0.0
1632302883.598,471.0,477.0
1632302883.901,469.0,476.0
1632302884.2,467.0,475.0
1632302884.499,465.0,474.0
1632302884.798,464.0,473.0
1632302885.097,462.0,471.0
1632302885.4,461.0,470.0
1632302885.699,460.0,468.0
1632302885.998,459.0,466.0
1632302886.297,458.0,465.0
1632302886.596,457.0,463.0
1632302886.899,456.0,462.0
1632302887.198,455.0,460.0
1632302887.497,455.0,459.0
1632302887.796,454.0,458.0
1632302888.095,454.0,457.0
1632302888.398,454.0,456.0
1632302888.726,454.0,456.0
1632302888.997,453.0,455.0
1632302889.296,452.0,455.0
1632302889.611,452.0,454.0
1632302889.898,452.0,453.0
1632302890.197,451.0,453.0
1632302890.496,451.0,453.0
1632302890.823,451.0,452.0
1632302891.098,451.0,452.0
1632302891.397,451.0,452.0
1632302891.708,450.0,451.0
1632302891.995,450.0,451.0
1632302892.294,450.0,451.0
1632302892.597,450.0,450.0
1632302892.925,450.0,450.0
1632302893.195,449.0,450.0
1632302893.494,449.0,450.0
1632302893.805,449.0,450.0
1632302894.096,449.0,449.0
1632302894.395,449.0,449.0
1632302894.694,449.0,449.0
1632302895.022,449.0,449.0
1632302895.292,449.0,449.0
1632302895.595,449.0,449.0
1632302895.907,449.0,449.0
1632302896.194,448.0,449.0
1632302896.493,449.0,448.0
1632302896.796,449.0,448.0
1632302897.119,448.0,448.0
1632302897.394,448.0,448.0
1632302897.693,448.0,448.0
1632302898.004,448.0,448.0
1632302898.295,448.0,448.0
1632302898.594,448.0,448.0
1632302898.893,448.0,448.0
1632302899.221,448.0,448.0
1632302899.491,448.0,448.0
1632302899.794,448.0,448.0
1632302900.105,448.0,448.0
1632302900.392,448.0,448.0
1632302900.691,448.0,448.0
1632302900.99,448.0,448.0
1632302901.318,448.0,448.0
1632302901.593,448.0,448.0
1632302901.892,448.0,448.0
1632302902.203,448.0,448.0
1632302902.494,448.0,448.0
1632302902.793,448.0,448.0
1632302903.092,448.0,448.0
1632302903.419,448.0,448.0
1632302903.69,449.0,448.0
1632302903.993,449.0,448.0
1632302904.304,449.0,448.0
1632302904.591,449.0,448.0
1632302904.89,449.0,448.0
1632302905.189,449.0,448.0
1632302905.517,449.0,448.0
1632302905.791,449.0,448.0
1632302906.09,449.0,448.0
1632302906.401,449.0,448.0
1632302906.688,449.0,449.0
1632302906.992,449.0,449.0
1632302907.29,449.0,449.0
1632302907.618,450.0,449.0
1632302907.889,450.0,449.0
1632302908.188,450.0,449.0
1632302908.503,450.0,449.0
1632302908.79,449.0,449.0
1632302909.089,450.0,449.0
1632302909.388,450.0,449.0
1632302909.715,450.0,449.0
1632302909.99,450.0,449.0
1632302910.289,450.0,449.0
1632302910.6,450.0,449.0
1632302910.887,449.0,449.0
1632302911.19,450.0,449.0
1632302911.489,450.0,449.0
1632302911.817,450.0,449.0
1632302912.087,450.0,449.0
1632302912.386,450.0,449.0
1632302912.702,450.0,449.0
1632302912.989,449.0,449.0
1632302913.287,450.0,449.0
1632302913.586,450.0,449.0
1632302913.914,450.0,449.0
1632302914.189,450.0,449.0
1632302914.488,450.0,449.0
1632302914.799,450.0,449.0
1632302915.086,449.0,449.0
1632302915.389,450.0,449.0
1632302915.688,450.0,449.0
1632302916.015,450.0,449.0
1632302916.286,450.0,449.0
1632302916.585,450.0,449.0
1632302916.9,450.0,449.0
1632302917.187,449.0,449.0
1632302917.486,450.0,449.0
1632302917.785,450.0,449.0
1632302918.113,450.0,449.0
1632302918.387,450.0,449.0
1632302918.686,449.0,449.0
1632302918.986,449.0,449.0
1632302919.284,449.0,449.0
1632302919.584,449.0,449.0
1632302919.887,449.0,449.0
1632302920.186,449.0,449.0
1632302920.485,449.0,449.0
1632302920.784,449.0,449.0
1632302921.083,449.0,449.0
1632302921.386,449.0,449.0
1632302921.685,449.0,449.0
1632302921.984,449.0,449.0
1632302922.283,449.0,449.0
1632302922.586,449.0,449.0
1632302922.885,449.0,449.0
1632302923.184,449.0,449.0
1632302923.508,449.0,449.0
1632302923.782,449.0,449.0
1632302924.085,449.0,449.0
1632302924.388,449.0,449.0
1632302924.683,448.0,449.0
1632302924.982,449.0,448.0
1632302925.281,449.0,448.0
1632302925.605,449.0,448.0
1632302925.884,449.0,448.0
1632302926.183,449.0,448.0
1632302926.49,449.0,448.0
1632302926.781,449.0,448.0
1632302927.084,449.0,448.0
1632302927.383,449.0,448.0
1632302927.702,449.0,448.0
1632302927.981,449.0,449.0
1632302928.284,449.0,449.0
1632302928.587,449.0,449.0
1632302928.882,449.0,449.0
1632302929.181,449.0,449.0
1632302929.48,449.0,449.0
1632302929.804,449.0,449.0
1632302930.082,449.0,449.0
1632302930.381,449.0,449.0
1632302930.684,449.0,449.0
1632302930.979,449.0,449.0
1632302931.282,449.0,449.0
1632302931.581,449.0,449.0
1632302931.901,449.0,449.0
1632302932.18,449.0,449.0
1632302932.479,449.0,449.0
1632302932.786,449.0,449.0
1632302933.081,451.0,449.0
1632302933.38,449.0,449.0
1632302933.679,449.0,449.0
1632302934.002,449.0,449.0
1632302934.281,449.0,449.0
1632302934.58,449.0,449.0
1632302934.883,449.0,449.0
1632302935.178,449.0,449.0
1632302935.481,449.0,449.0
1632302935.78,449.0,449.0
1632302936.1,449.0,449.0
1632302936.378,449.0,449.0
1632302936.677,449.0,449.0
1632302936.984,449.0,449.0
1632302937.279,449.0,449.0
1632302937.579,449.0,449.0
1632302937.878,449.0,449.0
1632302938.201,449.0,449.0
1632302938.48,449.0,449.0
1632302938.779,449.0,449.0
1632302939.082,449.0,449.0
1632302939.377,449.0,449.0
1632302939.676,449.0,449.0
1632302939.979,449.0,449.0
1632302940.298,449.0,449.0
1632302940.577,449.0,449.0
1632302940.876,449.0,449.0
1632302941.183,449.0,449.0
1632302941.478,449.0,449.0
1632302941.777,449.0,449.0
1632302942.076,449.0,449.0
1632302942.4,449.0,449.0
1632302942.678,449.0,449.0
1632302942.977,449.0,449.0
1632302943.28,448.0,449.0
1632302943.576,449.0,448.0
1632302943.875,449.0,448.0
1632302944.178,449.0,448.0
1632302944.497,449.0,448.0
1632302944.776,449.0,448.0
1632302945.075,449.0,448.0
1632302945.382,449.0,448.0
1632302945.677,449.0,448.0
1632302945.976,449.0,448.0
1632302946.275,449.0,448.0
1632302946.598,449.0,449.0
1632302946.873,449.0,449.0
1632302947.176,449.0,449.0
1632302947.479,449.0,449.0
1632302947.774,449.0,449.0
1632302948.073,449.0,449.0
1632302948.376,449.0,449.0
1632302948.696,449.0,449.0
1632302948.974,449.0,449.0
1632302949.274,449.0,449.0
1632302949.581,449.0,449.0
1632302949.876,449.0,449.0
1632302950.175,449.0,449.0
1632302950.474,449.0,449.0
1632302950.797,449.0,449.0
1632302951.072,449.0,449.0
1632302951.375,449.0,449.0
1632302951.678,449.0,449.0
1632302951.973,450.0,449.0
1632302952.272,449.0,449.0
1632302952.571,449.0,449.0
1632302952.895,449.0,449.0
1632302953.173,449.0,449.0
1632302953.472,449.0,449.0
1632302953.771,449.0,449.0
1632302954.07,449.0,449.0
1632302954.373,449.0,449.0
1632302954.672,449.0,449.0
1632302954.971,449.0,449.0
1632302955.27,449.0,449.0
1632302955.573,449.0,449.0
1632302955.873,450.0,449.0
1632302956.171,450.0,449.0
1632302956.471,450.0,449.0
1632302956.77,450.0,449.0
1632302957.073,450.0,449.0
1632302957.372,451.0,449.0
1632302957.671,450.0,449.0
1632302957.97,450.0,449.0
1632302958.269,450.0,449.0
1632302958.572,450.0,450.0
1632302958.871,450.0,450.0
1632302959.17,450.0,450.0
1632302959.502,450.0,450.0
1632302959.768,450.0,450.0
1632302960.071,450.0,450.0
1632302960.386,450.0,450.0
1632302960.669,450.0,450.0
1632302960.968,450.0,450.0
1632302961.271,450.0,450.0
1632302961.599,450.0,450.0
1632302961.869,450.0,450.0
1632302962.168,450.0,450.0
1632302962.484,450.0,450.0
1632302962.771,450.0,450.0
1632302963.07,450.0,450.0
1632302963.369,450.0,450.0
1632302963.696,450.0,450.0
1632302963.967,450.0,450.0
1632302964.27,450.0,450.0
1632302964.581,450.0,450.0
1632302964.868,450.0,450.0
1632302965.167,450.0,450.0
1632302965.466,450.0,450.0
1632302965.798,450.0,450.0
1632302966.068,450.0,450.0
1632302966.367,450.0,450.0
1632302966.678,450.0,450.0
1632302966.965,450.0,450.0
1632302967.268,450.0,450.0
1632302967.567,450.0,450.0
1632302967.895,450.0,450.0
1632302968.166,450.0,450.0
1632302968.468,450.0,450.0
1632302968.78,450.0,450.0
1632302969.067,450.0,450.0
1632302969.366,450.0,450.0
1632302969.665,450.0,450.0
1632302969.996,450.0,450.0
1632302970.267,450.0,450.0
1632302970.566,450.0,450.0
1632302970.877,450.0,450.0
1632302971.164,450.0,450.0
1632302971.467,450.0,450.0
1632302971.766,450.0,450.0
1632302972.094,450.0,450.0
1632302972.364,450.0,450.0
1632302972.663,450.0,450.0
1632302972.979,450.0,450.0
1632302973.266,450.0,450.0
1632302973.565,450.0,450.0
1632302973.863,450.0,450.0
1632302974.195,450.0,450.0
1632302974.466,450.0,450.0
1632302974.765,450.0,450.0
1632302975.076,450.0,450.0
1632302975.363,450.0,450.0
1632302975.666,450.0,450.0
1632302975.965,450.0,450.0
1632302976.293,450.0,450.0
1632302976.563,450.0,450.0
1632302976.862,450.0,450.0
1632302977.177,450.0,450.0
1632302977.464,450.0,450.0
1632302977.763,450.0,450.0
1632302978.062,450.0,450.0
1632302978.394,450.0,450.0
1632302978.664,450.0,450.0
1632302978.963,450.0,450.0
1632302979.275,450.0,450.0
1632302979.561,449.0,450.0
1632302979.86,450.0,449.0
1632302980.163,450.0,449.0
1632302980.491,450.0,449.0
1632302980.762,450.0,449.0
1632302981.061,450.0,449.0
1632302981.376,450.0,449.0
1632302981.663,450.0,449.0
1632302981.962,450.0,449.0
1632302982.261,450.0,449.0
1632302982.593,450.0,449.0
1632302982.863,450.0,450.0
1632302983.162,450.0,450.0
1632302983.473,450.0,450.0
1632302983.76,450.0,450.0
1632302984.059,450.0,450.0
1632302984.362,450.0,450.0
1632302984.69,450.0,450.0
1632302984.96,450.0,450.0
1632302985.259,450.0,450.0
1632302985.575,450.0,450.0
1632302985.861,450.0,450.0
1632302986.161,450.0,450.0
1632302986.459,450.0,450.0
1632302986.791,450.0,450.0
1632302987.062,450.0,450.0
1632302987.361,449.0,450.0
1632302987.672,450.0,449.0
1632302987.959,450.0,449.0
1632302988.258,450.0,449.0
1632302988.561,449.0,449.0
1632302988.86,449.0,449.0
1632302989.159,449.0,449.0
1632302989.458,449.0,449.0
1632302989.757,449.0,449.0
1632302990.06,449.0,449.0
1632302990.359,449.0,449.0
1632302990.658,449.0,449.0
1632302990.957,449.0,449.0
1632302991.256,449.0,449.0
1632302991.559,449.0,449.0
1632302991.859,449.0,449.0
1632302992.158,449.0,449.0
1632302992.457,449.0,449.0
1632302992.756,449.0,449.0
1632302993.059,449.0,449.0
1632302993.358,450.0,449.0
1632302993.657,450.0,449.0
1632302993.956,450.0,449.0
1632302994.279,450.0,449.0
1632302994.558,450.0,449.0
1632302994.857,450.0,449.0
1632302995.164,450.0,449.0
1632302995.455,450.0,449.0
1632302995.758,450.0,449.0
1632302996.057,450.0,449.0
1632302996.381,450.0,450.0
1632302996.655,450.0,450.0
1632302996.954,450.0,450.0
1632302997.262,450.0,450.0
1632302997.556,451.0,450.0
1632302997.856,450.0,450.0
1632302998.155,451.0,450.0
1632302998.478,450.0,450.0
1632302998.757,451.0,450.0
1632302999.056,451.0,450.0
1632302999.363,451.0,450.0
1632302999.654,451.0,450.0
1632302999.953,451.0,450.0
1632303000.256,451.0,450.0
1632303000.575,451.0,450.0
1632303000.854,451.0,450.0
1632303001.153,451.0,450.0
1632303001.46,451.0,450.0
1632303001.755,452.0,451.0
1632303002.054,451.0,451.0
1632303002.353,451.0,451.0
1632303002.677,451.0,451.0
1632303002.955,451.0,451.0
1632303003.254,451.0,451.0
1632303003.558,451.0,451.0
1632303003.852,452.0,451.0
1632303004.151,451.0,451.0
1632303004.454,451.0,451.0
1632303004.774,451.0,451.0
1632303005.053,451.0,451.0
1632303005.352,451.0,451.0
1632303005.659,451.0,451.0
1632303005.954,451.0,451.0
1632303006.253,451.0,451.0
1632303006.552,451.0,451.0
1632303006.875,451.0,451.0
1632303007.154,451.0,451.0
1632303007.453,451.0,451.0
1632303007.756,451.0,451.0
1632303008.051,451.0,451.0
1632303008.35,451.0,451.0
1632303008.653,451.0,451.0
1632303008.973,451.0,451.0
1632303009.251,451.0,451.0
1632303009.55,451.0,451.0
1632303009.858,451.0,451.0
1632303010.153,451.0,451.0
1632303010.452,451.0,451.0
1632303010.751,451.0,451.0
1632303011.074,450.0,451.0
1632303011.349,450.0,450.0
1632303011.652,450.0,450.0
1632303011.955,450.0,450.0
1632303012.25,451.0,450.0
1632303012.549,450.0,450.0
1632303012.848,450.0,450.0
1632303013.171,450.0,450.0
1632303013.45,450.0,450.0
1632303013.749,450.0,450.0
1632303014.056,450.0,450.0
1632303014.351,450.0,450.0
1632303014.65,450.0,450.0
1632303014.949,450.0,450.0
1632303015.273,450.0,450.0
1632303015.547,450.0,450.0
1632303015.85,450.0,450.0
1632303016.154,450.0,450.0
1632303016.449,450.0,450.0
1632303016.748,450.0,450.0
1632303017.046,450.0,450.0
1632303017.37,450.0,450.0
1632303017.649,450.0,450.0
1632303017.948,450.0,450.0
1632303018.255,450.0,450.0
1632303018.546,450.0,450.0
1632303018.849,450.0,450.0
1632303019.148,450.0,450.0
1632303019.471,450.0,450.0
1632303019.746,450.0,450.0
1632303020.049,450.0,450.0
1632303020.352,450.0,450.0
1632303020.647,450.0,450.0
1632303020.946,450.0,450.0
1632303021.245,450.0,450.0
1632303021.569,450.0,450.0
1632303021.848,450.0,450.0
1632303022.146,450.0,450.0
1632303022.454,450.0,450.0
1632303022.744,449.0,450.0
1632303023.048,450.0,449.0
1632303023.347,450.0,449.0
1632303023.646,450.0,449.0
1632303023.945,450.0,449.0
1632303024.244,450.0,449.0
1632303024.547,450.0,449.0
1632303024.846,450.0,449.0
1632303025.145,450.0,449.0
1632303025.444,450.0,449.0
1632303025.743,450.0,449.0
1632303026.046,450.0,450.0
1632303026.345,450.0,450.0
1632303026.644,450.0,450.0
1632303026.943,450.0,450.0
1632303027.246,450.0,450.0
1632303027.545,450.0,450.0
1632303027.844,450.0,450.0
1632303028.144,451.0,450.0
1632303028.442,450.0,450.0
1632303028.746,451.0,450.0
1632303029.061,451.0,450.0
1632303029.344,451.0,450.0
1632303029.643,451.0,450.0
1632303029.946,451.0,450.0
1632303030.277,451.0,450.0
1632303030.544,451.0,450.0
1632303030.843,451.0,450.0
1632303031.158,451.0,450.0
1632303031.441,451.0,450.0
1632303031.744,451.0,451.0
1632303032.043,451.0,451.0
1632303032.375,451.0,451.0
1632303032.641,451.0,451.0
1632303032.94,451.0,451.0
1632303033.256,451.0,451.0
1632303033.542,451.0,451.0
1632303033.841,451.0,451.0
1632303034.141,451.0,451.0
1632303034.472,451.0,451.0
1632303034.743,451.0,451.0
1632303035.042,451.0,451.0
1632303035.357,451.0,451.0
1632303035.64,452.0,451.0
1632303035.943,452.0,451.0
1632303036.242,452.0,451.0
1632303036.57,452.0,451.0
1632303036.84,452.0,451.0
1632303037.139,452.0,451.0
1632303037.454,452.0,451.0
1632303037.741,451.0,451.0
1632303038.04,452.0,451.0
1632303038.339,452.0,451.0
1632303038.671,452.0,451.0
1632303038.941,452.0,451.0
1632303039.24,452.0,451.0
1632303039.552,451.0,451.0
1632303039.838,451.0,451.0
1632303040.141,452.0,451.0
1632303040.44,452.0,451.0
1632303040.768,452.0,451.0
1632303041.038,452.0,451.0
1632303041.338,452.0,451.0
1632303041.653,452.0,451.0
1632303041.94,452.0,451.0
1632303042.239,452.0,451.0
1632303042.538,452.0,451.0
1632303042.869,452.0,451.0
1632303043.14,452.0,452.0
1632303043.439,452.0,452.0
1632303043.75,452.0,452.0
1632303044.037,452.0,452.0
1632303044.336,452.0,452.0
1632303044.639,452.0,452.0
1632303044.967,452.0,452.0
1632303045.237,451.0,452.0
1632303045.536,451.0,451.0
1632303045.852,451.0,451.0
1632303046.139,451.0,451.0
1632303046.438,451.0,451.0
1632303046.737,451.0,451.0
1632303047.068,451.0,451.0
1632303047.339,451.0,451.0
1632303047.638,451.0,451.0
1632303047.949,451.0,451.0
1632303048.236,451.0,451.0
1632303048.535,451.0,451.0
1632303048.838,451.0,451.0
1632303049.166,451.0,451.0
1632303049.436,451.0,451.0
1632303049.735,451.0,451.0
1632303050.05,451.0,451.0
1632303050.337,451.0,451.0
1632303050.636,451.0,451.0
1632303050.935,451.0,451.0
1632303051.267,451.0,451.0
1632303051.533,451.0,451.0
1632303051.837,451.0,451.0
1632303052.148,451.0,451.0
1632303052.434,451.0,451.0
1632303052.734,451.0,451.0
1632303053.033,451.0,451.0
1632303053.364,451.0,451.0
1632303053.635,451.0,451.0
1632303053.934,451.0,451.0
1632303054.249,451.0,451.0
1632303054.536,451.0,451.0
1632303054.835,451.0,451.0
1632303055.134,451.0,451.0
1632303055.462,451.0,451.0
1632303055.732,451.0,451.0
1632303056.035,451.0,451.0
1632303056.346,451.0,451.0
1632303056.633,451.0,451.0
1632303056.932,451.0,451.0
1632303057.231,451.0,451.0
1632303057.563,451.0,451.0
1632303057.833,451.0,451.0
1632303058.132,451.0,451.0
1632303058.448,450.0,451.0
1632303058.731,450.0,450.0
1632303059.034,450.0,450.0
1632303059.333,450.0,450.0
1632303059.632,450.0,450.0
1632303059.931,450.0,450.0
1632303060.234,450.0,450.0
1632303060.533,450.0,450.0
1632303060.832,450.0,450.0
1632303061.131,450.0,450.0
1632303061.43,450.0,450.0
1632303061.733,450.0,450.0
1632303062.032,450.0,450.0
1632303062.331,450.0,450.0
1632303062.63,450.0,450.0
1632303062.929,450.0,450.0
1632303063.232,450.0,450.0
1632303063.531,450.0,450.0
1632303063.838,450.0,450.0
1632303064.13,451.0,450.0
1632303064.429,450.0,450.0
1632303064.732,450.0,450.0
1632303065.055,450.0,450.0
1632303065.33,450.0,450.0
1632303065.629,450.0,450.0
1632303065.936,450.0,450.0
1632303066.231,451.0,450.0
1632303066.53,450.0,450.0
1632303066.829,450.0,450.0
1632303067.152,450.0,450.0
1632303067.431,450.0,450.0
1632303067.73,450.0,450.0
1632303068.037,450.0,450.0
1632303068.328,451.0,450.0
1632303068.627,450.0,450.0
1632303068.93,450.0,450.0
1632303069.25,450.0,450.0
1632303069.528,450.0,450.0
1632303069.827,450.0,450.0
1632303070.134,450.0,450.0
1632303070.43,450.0,450.0
1632303070.728,450.0,450.0
1632303071.027,450.0,450.0
1632303071.351,450.0,450.0
1632303071.626,450.0,450.0
1632303071.929,450.0,450.0
1632303072.232,450.0,450.0
1632303072.527,450.0,450.0
1632303072.826,450.0,450.0
1632303073.125,450.0,450.0
1632303073.448,450.0,450.0
1632303073.727,450.0,450.0
1632303074.026,450.0,450.0
1632303074.333,450.0,450.0
1632303074.628,453.0,450.0
1632303074.927,450.0,450.0
1632303075.226,450.0,450.0
1632303075.55,450.0,450.0
1632303075.824,450.0,450.0
1632303076.127,450.0,450.0
1632303076.43,450.0,450.0
1632303076.726,450.0,450.0
1632303077.024,450.0,450.0
1632303077.323,450.0,450.0
1632303077.647,450.0,450.0
1632303077.926,450.0,450.0
1632303078.225,450.0,450.0
1632303078.532,450.0,450.0
1632303078.823,451.0,450.0
1632303079.126,450.0,450.0
1632303079.425,450.0,450.0
1632303079.748,450.0,450.0
1632303080.023,450.0,450.0
1632303080.326,450.0,450.0
1632303080.629,450.0,450.0
1632303080.924,451.0,450.0
1632303081.223,450.0,450.0
1632303081.522,450.0,450.0
1632303081.846,450.0,450.0
1632303082.124,450.0,450.0
1632303082.423,450.0,450.0
1632303082.731,450.0,450.0
1632303083.021,451.0,450.0
1632303083.324,450.0,450.0
1632303083.623,450.0,450.0
1632303083.947,450.0,450.0
1632303084.222,450.0,450.0
1632303084.521,450.0,450.0
1632303084.828,450.0,450.0
1632303085.123,450.0,450.0
1632303085.422,450.0,450.0
1632303085.721,450.0,450.0
1632303086.045,450.0,450.0
1632303086.323,450.0,450.0
1632303086.622,450.0,450.0
1632303086.929,450.0,450.0
1632303087.22,450.0,450.0
1632303087.523,450.0,450.0
1632303087.822,450.0,450.0
1632303088.146,450.0,450.0
1632303088.42,450.0,450.0
1632303088.72,450.0,450.0
1632303089.027,450.0,450.0
1632303089.322,450.0,450.0
1632303089.621,450.0,450.0
1632303089.92,450.0,450.0
1632303090.243,450.0,450.0
1632303090.522,450.0,450.0
1632303090.821,450.0,450.0
1632303091.128,450.0,450.0
1632303091.419,451.0,450.0
1632303091.718,451.0,450.0
1632303092.021,451.0,450.0
1632303092.345,451.0,450.0
1632303092.619,451.0,450.0
1632303092.918,451.0,450.0
1632303093.225,451.0,450.0
1632303093.52,451.0,450.0
1632303093.819,451.0,450.0
1632303094.118,451.0,450.0
1632303094.418,451.0,451.0
1632303094.721,451.0,451.0
1632303095.02,451.0,451.0
1632303095.319,451.0,451.0
1632303095.618,451.0,451.0
1632303095.917,451.0,451.0
1632303096.22,451.0,451.0
1632303096.519,451.0,451.0
1632303096.818,452.0,451.0
1632303097.117,451.0,451.0
1632303097.416,451.0,451.0
1632303097.719,451.0,451.0
1632303098.018,451.0,451.0
1632303098.317,451.0,451.0
1632303098.62,452.0,451.0
1632303098.948,452.0,451.0
1632303099.218,452.0,451.0
1632303099.517,452.0,451.0
1632303099.833,452.0,451.0
1632303100.115,452.0,451.0
1632303100.418,452.0,451.0
1632303100.717,452.0,451.0
1632303101.049,452.0,451.0
1632303101.316,452.0,451.0
1632303101.615,452.0,452.0
1632303101.93,452.0,452.0
1632303102.217,452.0,452.0
1632303102.516,452.0,452.0
1632303102.815,452.0,452.0
1632303103.146,452.0,452.0
1632303103.417,452.0,452.0
1632303103.716,452.0,452.0
1632303104.031,452.0,452.0
1632303104.314,452.0,452.0
1632303104.613,452.0,452.0
1632303104.916,452.0,452.0
1632303105.244,452.0,452.0
1632303105.514,452.0,452.0
1632303105.813,452.0,452.0
1632303106.129,452.0,452.0
1632303106.415,452.0,452.0
1632303106.715,452.0,452.0
1632303107.013,452.0,452.0
1632303107.341,452.0,452.0
1632303107.616,452.0,452.0
1632303107.915,452.0,452.0
1632303108.226,452.0,452.0
1632303108.513,452.0,452.0
1632303108.812,452.0,452.0
1632303109.115,452.0,452.0
1632303109.443,452.0,452.0
1632303109.713,452.0,452.0
1632303110.012,452.0,452.0
1632303110.327,452.0,452.0
1632303110.614,452.0,452.0
1632303110.913,452.0,452.0
1632303111.212,452.0,452.0
1632303111.54,452.0,452.0
1632303111.81,452.0,452.0
1632303112.113,452.0,452.0
1632303112.425,452.0,452.0
1632303112.711,452.0,452.0
