1632368915.55,478.0,481.0
1632368915.849,476.0,481.0
1632368916.152,474.0,480.0
1632368916.451,473.0,480.0
1632368916.75,471.0,479.0
1632368917.049,469.0,478.0
1632368917.352,467.0,476.0
1632368917.651,465.0,475.0
1632368917.95,463.0,473.0
1632368918.249,460.0,471.0
1632368918.548,459.0,469.0
1632368918.851,458.0,467.0
1632368919.15,456.0,465.0
1632368919.449,455.0,464.0
1632368919.748,454.0,462.0
1632368920.047,453.0,460.0
1632368920.35,453.0,459.0
1632368920.678,454.0,457.0
1632368920.949,454.0,456.0
1632368921.248,454.0,455.0
1632368921.563,454.0,455.0
1632368921.85,455.0,454.0
1632368922.149,456.0,454.0
1632368922.448,457.0,454.0
1632368922.776,457.0,454.0
1632368923.05,457.0,454.0
1632368923.349,457.0,455.0
1632368923.66,457.0,455.0
1632368923.947,456.0,455.0
1632368924.246,457.0,456.0
1632368924.549,456.0,456.0
1632368924.877,455.0,456.0
1632368925.147,454.0,456.0
1632368925.446,454.0,456.0
1632368925.758,452.0,456.0
1632368926.049,451.0,455.0
1632368926.347,450.0,454.0
1632368926.647,450.0,454.0
1632368926.974,449.0,453.0
1632368927.245,448.0,452.0
1632368927.548,448.0,451.0
1632368927.859,448.0,451.0
1632368928.146,448.0,450.0
1632368928.445,449.0,449.0
1632368928.748,450.0,449.0
1632368929.072,451.0,449.0
1632368929.346,451.0,449.0
1632368929.645,453.0,449.0
1632368929.956,454.0,449.0
1632368930.247,454.0,450.0
1632368930.546,455.0,450.0
1632368930.845,456.0,451.0
1632368931.173,456.0,452.0
1632368931.443,456.0,452.0
1632368931.746,456.0,453.0
1632368932.058,456.0,454.0
1632368932.345,457.0,454.0
1632368932.643,455.0,455.0
1632368932.943,454.0,455.0
1632368933.27,453.0,455.0
1632368933.545,452.0,455.0
1632368933.844,451.0,455.0
1632368978.027,450.0,447.0
1632368978.157,472.0,0.0
1632368978.457,470.0,483.0
1632368978.756,469.0,482.0
1632368979.059,468.0,480.0
1632368979.358,467.0,478.0
1632368979.657,466.0,476.0
1632369008.465,466.0,474.0
1632369008.467,466.0,473.0
1632369008.469,465.0,471.0
1632369008.473,465.0,469.0
1632369008.475,464.0,467.0
1632369008.477,463.0,466.0
1632369008.479,463.0,465.0
1632369008.48,462.0,465.0
1632369008.482,461.0,464.0
1632369008.485,460.0,464.0
1632369008.486,459.0,463.0
1632369008.488,458.0,462.0
1632369008.497,457.0,462.0
1632369008.503,456.0,461.0
1632369008.511,454.0,460.0
1632369008.519,453.0,459.0
1632369008.525,452.0,458.0
1632369008.533,451.0,457.0
1632369008.542,451.0,456.0
1632369008.55,450.0,455.0
1632369008.556,449.0,454.0
1632369008.564,449.0,453.0
1632369008.572,450.0,452.0
1632369008.577,450.0,451.0
1632369008.585,451.0,450.0
1632369008.592,452.0,450.0
1632369008.6,453.0,450.0
1632369008.606,454.0,450.0
1632369008.614,455.0,450.0
1632369008.624,455.0,451.0
1632369008.631,455.0,451.0
1632369008.64,456.0,452.0
1632369008.647,456.0,453.0
1632369008.655,455.0,453.0
1632369008.661,455.0,454.0
1632369008.67,454.0,454.0
1632369008.68,454.0,454.0
1632369008.684,453.0,454.0
1632369008.69,452.0,454.0
1632369008.697,451.0,454.0
1632369008.702,451.0,454.0
1632369008.707,450.0,453.0
1632369008.713,449.0,453.0
1632369008.72,448.0,452.0
1632369008.726,447.0,451.0
1632369008.733,447.0,450.0
1632369008.74,447.0,450.0
1632369008.746,448.0,449.0
1632369008.752,448.0,449.0
1632369008.758,447.0,451.0
1632369008.767,447.0,451.0
1632369008.774,447.0,451.0
1632369009.048,447.0,450.0
1632369009.347,447.0,449.0
1632369009.658,447.0,449.0
1632369009.945,448.0,448.0
1632369010.244,449.0,448.0
1632369010.547,450.0,447.0
1632369010.875,451.0,447.0
1632369011.145,451.0,448.0
1632369011.444,452.0,448.0
1632369011.759,453.0,448.0
1632369012.046,453.0,449.0
1632369012.345,454.0,450.0
1632369012.644,454.0,450.0
1632369012.972,454.0,451.0
1632369013.246,454.0,452.0
1632369013.545,453.0,452.0
1632369013.844,453.0,452.0
1632369014.144,453.0,453.0
1632369014.443,452.0,453.0
1632369014.745,451.0,453.0
1632369015.045,451.0,453.0
1632369015.344,449.0,452.0
1632369015.643,449.0,452.0
1632369015.942,448.0,451.0
1632369016.245,447.0,451.0
1632369016.544,447.0,450.0
1632369016.843,447.0,450.0
1632369017.142,447.0,449.0
1632369017.441,447.0,448.0
1632369017.744,448.0,448.0
1632369018.043,449.0,448.0
1632369018.367,450.0,447.0
1632369018.641,451.0,447.0
1632369018.944,452.0,448.0
1632369019.247,453.0,448.0
1632369019.542,454.0,449.0
1632369019.841,454.0,449.0
1632369020.14,454.0,450.0
1632369020.464,454.0,451.0
1632369020.743,454.0,451.0
1632369021.042,454.0,452.0
1632369021.349,454.0,453.0
1632369021.64,453.0,453.0
1632369021.943,453.0,453.0
1632369022.242,452.0,453.0
1632369022.561,451.0,453.0
1632369022.84,451.0,453.0
1632369023.139,450.0,453.0
1632369023.446,449.0,452.0
1632369023.741,448.0,452.0
1632369024.04,447.0,451.0
1632369024.339,447.0,450.0
1632369024.663,447.0,450.0
1632369024.941,447.0,449.0
1632369025.24,447.0,448.0
1632369025.543,448.0,448.0
1632369025.839,449.0,448.0
1632369026.141,450.0,447.0
1632369026.44,451.0,447.0
1632369026.76,452.0,448.0
1632369027.039,453.0,448.0
1632369027.338,453.0,449.0
1632369027.645,454.0,449.0
1632369027.94,454.0,450.0
1632369028.239,454.0,451.0
1632369028.538,454.0,451.0
1632369028.861,454.0,452.0
1632369029.14,454.0,452.0
1632369029.439,453.0,453.0
1632369029.742,452.0,453.0
1632369030.037,452.0,453.0
1632369030.336,451.0,453.0
1632369030.639,450.0,453.0
1632369030.959,449.0,452.0
1632369031.237,448.0,452.0
1632369031.536,447.0,451.0
1632369031.844,447.0,451.0
1632369032.139,447.0,450.0
1632369032.437,447.0,449.0
1632369032.737,447.0,449.0
1632369033.06,448.0,448.0
1632369033.339,448.0,448.0
1632369033.638,449.0,447.0
1632369033.941,450.0,447.0
1632369034.236,451.0,447.0
1632369034.535,452.0,448.0
1632369034.838,453.0,448.0
1632369035.157,453.0,449.0
1632369035.436,454.0,449.0
1632369035.735,454.0,450.0
1632369036.042,454.0,451.0
1632369036.337,455.0,451.0
1632369036.636,454.0,452.0
1632369036.935,454.0,453.0
1632369037.259,453.0,453.0
1632369037.537,453.0,453.0
1632369037.836,452.0,453.0
1632369038.14,451.0,453.0
1632369038.435,450.0,453.0
1632369038.734,449.0,453.0
1632369039.036,448.0,452.0
1632369039.356,447.0,451.0
1632369039.635,447.0,451.0
1632369039.934,447.0,450.0
1632369040.241,447.0,449.0
1632369040.536,447.0,449.0
1632369040.835,448.0,448.0
1632369041.134,449.0,448.0
1632369041.457,450.0,447.0
1632369041.732,450.0,447.0
1632369042.035,451.0,448.0
1632369042.338,452.0,448.0
1632369042.633,453.0,448.0
1632369042.932,453.0,449.0
1632369043.231,454.0,450.0
1632369043.555,454.0,450.0
1632369043.833,454.0,451.0
1632369044.132,454.0,452.0
1632369044.44,454.0,452.0
1632369044.735,453.0,452.0
1632369045.033,452.0,453.0
1632369045.333,452.0,453.0
1632369045.656,451.0,453.0
1632369045.931,450.0,453.0
1632369046.234,449.0,452.0
1632369046.537,448.0,452.0
1632369046.832,448.0,451.0
1632369047.131,447.0,451.0
1632369047.43,447.0,450.0
1632369047.753,447.0,449.0
1632369048.032,447.0,449.0
1632369048.331,447.0,448.0
1632369048.63,448.0,448.0
1632369048.929,449.0,447.0
1632369049.232,450.0,447.0
1632369049.531,451.0,447.0
1632369049.83,451.0,448.0
1632369050.129,452.0,448.0
1632369050.432,453.0,448.0
1632369050.731,454.0,449.0
1632369051.03,454.0,450.0
1632369051.33,454.0,450.0
1632369051.629,454.0,451.0
1632369051.932,454.0,452.0
1632369052.231,454.0,452.0
1632369052.53,453.0,453.0
1632369052.829,453.0,453.0
1632369053.128,452.0,453.0
1632369053.431,452.0,453.0
1632369053.73,451.0,453.0
1632369054.029,450.0,453.0
1632369054.361,449.0,452.0
1632369054.627,448.0,452.0
1632369054.93,448.0,451.0
1632369055.246,447.0,451.0
1632369055.528,447.0,450.0
1632369055.827,447.0,449.0
1632369056.13,447.0,449.0
1632369056.458,448.0,448.0
1632369056.728,449.0,448.0
1632369057.028,450.0,448.0
1632369057.343,450.0,448.0
1632369057.63,451.0,448.0
1632369057.929,452.0,448.0
1632369058.228,453.0,448.0
1632369058.555,454.0,449.0
1632369058.826,454.0,450.0
1632369059.129,454.0,450.0
1632369059.44,454.0,451.0
1632369059.727,454.0,452.0
1632369060.026,454.0,452.0
1632369060.325,453.0,453.0
1632369060.657,453.0,453.0
1632369060.927,452.0,453.0
1632369061.226,450.0,453.0
1632369061.538,450.0,453.0
1632369061.824,448.0,452.0
1632369062.127,449.0,452.0
1632369062.426,448.0,451.0
1632369062.754,448.0,451.0
1632369063.025,447.0,450.0
1632369063.328,447.0,449.0
1632369063.639,447.0,449.0
1632369063.926,448.0,448.0
1632369064.225,449.0,448.0
1632369064.524,450.0,448.0
1632369064.855,450.0,448.0
1632369065.126,451.0,448.0
1632369065.425,452.0,448.0
1632369065.736,452.0,448.0
1632369066.023,452.0,449.0
1632369066.326,453.0,449.0
1632369066.625,453.0,450.0
1632369066.953,453.0,451.0
1632369067.223,453.0,451.0
1632369067.522,453.0,451.0
1632369067.838,453.0,452.0
1632369068.125,452.0,452.0
1632369068.423,452.0,452.0
1632369068.722,451.0,452.0
1632369069.054,451.0,452.0
1632369069.325,450.0,452.0
1632369069.624,449.0,452.0
1632369069.935,449.0,451.0
1632369070.222,448.0,451.0
1632369070.525,448.0,450.0
1632369070.824,448.0,450.0
1632369071.151,448.0,449.0
1632369071.422,447.0,449.0
1632369071.721,448.0,448.0
1632369072.036,449.0,448.0
1632369072.323,450.0,448.0
1632369072.622,451.0,448.0
1632369072.921,451.0,448.0
1632369073.253,452.0,448.0
1632369073.523,452.0,449.0
1632369073.822,453.0,449.0
1632369074.134,453.0,450.0
1632369074.42,453.0,450.0
1632369074.724,453.0,451.0
1632369075.022,453.0,451.0
1632369075.35,453.0,452.0
1632369075.621,453.0,452.0
1632369075.92,452.0,452.0
1632369076.235,452.0,452.0
1632369076.522,451.0,452.0
1632369076.821,451.0,452.0
1632369077.12,450.0,452.0
1632369077.452,449.0,452.0
1632369077.722,448.0,451.0
1632369078.021,449.0,451.0
1632369078.332,448.0,450.0
1632369078.619,448.0,450.0
1632369078.918,448.0,449.0
1632369079.221,448.0,449.0
1632369079.549,449.0,449.0
1632369079.82,449.0,448.0
1632369080.118,450.0,448.0
1632369080.434,451.0,448.0
1632369080.72,451.0,448.0
1632369081.02,452.0,449.0
1632369081.319,452.0,449.0
1632369081.65,453.0,449.0
1632369081.921,453.0,450.0
1632369082.22,453.0,450.0
1632369082.531,453.0,451.0
1632369082.818,453.0,451.0
1632369083.117,453.0,452.0
1632369083.42,452.0,452.0
1632369083.719,451.0,452.0
1632369084.018,451.0,452.0
1632369084.317,450.0,452.0
1632369084.616,450.0,452.0
1632369084.919,449.0,451.0
1632369085.218,449.0,451.0
1632369085.517,448.0,451.0
1632369085.816,448.0,450.0
1632369086.116,448.0,450.0
1632369086.418,448.0,449.0
1632369086.717,447.0,449.0
1632369087.016,448.0,448.0
1632369087.316,448.0,448.0
1632369087.619,449.0,448.0
1632369087.918,450.0,448.0
1632369088.217,451.0,448.0
1632369088.516,451.0,448.0
1632369088.815,452.0,448.0
1632369089.139,453.0,449.0
1632369089.417,453.0,449.0
1632369089.716,453.0,450.0
1632369090.023,453.0,450.0
1632369090.314,453.0,451.0
1632369090.617,453.0,451.0
1632369090.916,453.0,452.0
1632369091.24,452.0,452.0
1632369091.514,452.0,452.0
1632369091.813,451.0,452.0
1632369092.121,451.0,452.0
1632369092.416,450.0,452.0
1632369092.715,449.0,452.0
1632369093.014,449.0,451.0
1632369093.337,449.0,451.0
1632369093.616,448.0,450.0
1632369093.915,448.0,450.0
1632369094.222,448.0,449.0
1632369094.513,448.0,449.0
1632369094.816,448.0,449.0
1632369095.115,448.0,448.0
1632369095.434,449.0,448.0
1632369095.713,449.0,448.0
1632369096.012,450.0,448.0
1632369096.319,451.0,448.0
1632369096.614,452.0,448.0
1632369096.913,452.0,449.0
1632369097.212,452.0,449.0
1632369097.536,452.0,449.0
1632369097.814,453.0,450.0
1632369098.113,452.0,450.0
1632369098.42,453.0,451.0
1632369098.712,453.0,451.0
1632369099.015,452.0,452.0
1632369099.313,452.0,452.0
1632369099.633,451.0,452.0
1632369099.912,450.0,452.0
1632369100.211,449.0,452.0
1632369100.518,448.0,451.0
1632369100.813,449.0,451.0
1632369101.112,447.0,450.0
1632369101.411,447.0,450.0
1632369101.734,446.0,449.0
1632369102.013,446.0,449.0
1632369102.312,446.0,448.0
1632369102.619,447.0,447.0
1632369102.91,447.0,447.0
1632369103.209,448.0,447.0
1632369103.512,449.0,447.0
1632369103.832,450.0,447.0
1632369104.11,450.0,447.0
1632369104.409,452.0,447.0
1632369104.717,452.0,448.0
1632369105.011,453.0,448.0
1632369105.31,453.0,449.0
1632369105.61,453.0,450.0
1632369105.933,453.0,450.0
1632369106.212,453.0,451.0
1632369106.511,453.0,451.0
1632369106.818,453.0,452.0
1632369107.109,452.0,452.0
1632369107.408,451.0,452.0
1632369107.711,451.0,452.0
1632369108.031,450.0,452.0
1632369108.309,449.0,452.0
1632369108.608,448.0,451.0
1632369108.915,448.0,451.0
1632369109.21,448.0,450.0
1632369109.509,447.0,450.0
1632369109.808,447.0,449.0
1632369110.132,446.0,449.0
1632369110.407,447.0,448.0
1632369110.709,447.0,448.0
1632369111.017,448.0,447.0
1632369135.002,446.0,448.0
1632369135.007,447.0,448.0
1632369146.165,454.0,451.0
1632369146.17,454.0,451.0
1632369147.298,480.0,0.0
1632369147.601,478.0,479.0
1632369147.9,475.0,479.0
1632369148.199,473.0,478.0
1632369148.502,470.0,478.0
1632369148.801,468.0,477.0
1632369149.1,465.0,476.0
1632369149.399,463.0,474.0
1632369149.698,461.0,473.0
1632369150.001,459.0,471.0
1632369150.3,458.0,469.0
1632369150.599,456.0,467.0
1632369150.898,455.0,464.0
1632369151.201,454.0,462.0
1632369151.5,453.0,460.0
1632369151.799,453.0,459.0
1632369152.098,454.0,457.0
1632369152.397,454.0,456.0
1632369152.7,455.0,455.0
1632369153.0,455.0,455.0
1632369153.298,456.0,454.0
1632369153.598,456.0,454.0
1632369153.897,456.0,454.0
1632369154.2,457.0,454.0
1632369154.499,457.0,454.0
1632369154.798,457.0,455.0
1632369155.097,456.0,455.0
1632369155.396,456.0,455.0
1632369155.699,456.0,456.0
1632369155.998,455.0,456.0
1632369156.297,454.0,456.0
1632369156.596,453.0,456.0
1632369156.895,452.0,455.0
1632369157.198,450.0,455.0
1632369157.497,450.0,454.0
1632369157.796,449.0,453.0
1632369158.095,449.0,453.0
1632369158.398,448.0,452.0
1632369158.697,448.0,451.0
1632369158.996,448.0,450.0
1632369159.296,448.0,450.0
1632369159.595,449.0,449.0
1632369159.898,449.0,449.0
1632369160.197,450.0,448.0
1632369160.496,451.0,448.0
1632369160.795,452.0,448.0
1632369161.094,453.0,449.0
1632369161.397,454.0,449.0
1632369161.696,454.0,450.0
1632369161.995,454.0,450.0
1632369162.294,454.0,451.0
1632369162.593,455.0,452.0
1632369162.896,455.0,452.0
1632369163.195,454.0,453.0
1632369163.494,453.0,453.0
1632369163.793,453.0,453.0
1632369164.096,452.0,453.0
1632369164.396,451.0,453.0
1632369164.694,451.0,453.0
1632369164.993,450.0,453.0
1632369165.293,449.0,452.0
1632369165.596,448.0,452.0
1632369165.895,448.0,451.0
1632369166.194,447.0,450.0
1632369166.493,447.0,450.0
1632369166.792,447.0,449.0
1632369167.095,447.0,449.0
1632369167.394,448.0,448.0
1632369167.693,449.0,448.0
1632369167.992,450.0,448.0
1632369168.291,450.0,448.0
1632369168.594,451.0,448.0
1632369168.893,452.0,448.0
1632369169.192,453.0,448.0
1632369169.491,453.0,449.0
1632369169.794,454.0,450.0
1632369170.093,454.0,450.0
1632369170.392,454.0,451.0
1632369170.691,454.0,452.0
1632369170.993,454.0,452.0
1632369171.293,453.0,452.0
1632369171.593,453.0,453.0
1632369171.892,452.0,453.0
1632369172.191,451.0,453.0
1632369172.49,450.0,453.0
1632369172.793,449.0,452.0
1632369173.092,449.0,452.0
1632369173.391,448.0,451.0
1632369173.69,447.0,451.0
1632369173.989,447.0,450.0
1632369174.292,447.0,449.0
1632369174.591,447.0,449.0
1632369174.89,447.0,448.0
1632369175.189,448.0,448.0
1632369175.488,449.0,447.0
1632369175.791,449.0,447.0
1632369176.09,451.0,447.0
1632369176.389,451.0,448.0
1632369176.688,452.0,448.0
1632369176.991,453.0,448.0
1632369177.29,453.0,449.0
1632369177.59,454.0,450.0
1632369177.889,454.0,450.0
1632369178.188,454.0,451.0
1632369178.491,454.0,452.0
1632369178.79,454.0,452.0
1632369179.089,453.0,453.0
1632369179.388,452.0,453.0
1632369179.687,452.0,453.0
1632369179.99,451.0,453.0
1632369180.289,450.0,453.0
1632369180.588,449.0,452.0
1632369180.887,449.0,452.0
1632369181.186,448.0,451.0
1632369181.489,447.0,451.0
1632369181.788,447.0,450.0
1632369182.087,447.0,449.0
1632369182.386,447.0,449.0
1632369182.689,448.0,448.0
1632369182.988,449.0,448.0
1632369183.287,450.0,448.0
1632369183.587,451.0,448.0
1632369183.886,452.0,448.0
1632369184.189,453.0,448.0
1632369184.488,454.0,449.0
1632369184.787,454.0,449.0
1632369185.086,454.0,450.0
1632369189.982,454.0,453.0
1632369189.983,453.0,453.0
1632369189.984,452.0,453.0
1632369189.985,452.0,453.0
1632369189.986,451.0,453.0
1632369189.987,450.0,453.0
1632369189.99,450.0,452.0
1632369189.992,449.0,452.0
1632369189.993,448.0,451.0
1632369191.111,478.0,0.0
1632369191.415,474.0,480.0
1632369191.714,471.0,479.0
1632369192.013,469.0,478.0
1632369192.312,466.0,477.0
1632369192.611,464.0,475.0
1632369192.914,462.0,474.0
1632369193.213,460.0,472.0
1632369193.512,459.0,470.0
1632369193.811,458.0,468.0
1632369194.114,458.0,466.0
1632369194.415,457.0,464.0
1632369194.712,457.0,462.0
1632369195.011,457.0,461.0
1632369195.31,457.0,459.0
1632369195.613,458.0,458.0
1632369195.912,458.0,458.0
1632369196.211,458.0,457.0
1632369196.51,459.0,457.0
1632369196.81,458.0,457.0
1632369197.112,458.0,457.0
1632369197.412,457.0,457.0
1632369197.711,456.0,457.0
1632369198.01,456.0,457.0
1632369198.309,455.0,457.0
1632369198.612,454.0,457.0
1632369198.911,453.0,456.0
1632369199.21,452.0,456.0
1632369199.509,451.0,455.0
1632369199.808,450.0,455.0
1632369200.111,449.0,454.0
1632369200.41,449.0,453.0
1632369200.709,448.0,452.0
1632369201.008,447.0,451.0
1632369201.311,448.0,450.0
1632369201.61,448.0,450.0
1632369201.909,449.0,449.0
1632369202.209,449.0,449.0
1632369202.508,450.0,448.0
1632369202.81,451.0,448.0
1632369203.11,452.0,448.0
1632369203.409,453.0,449.0
1632369203.708,453.0,449.0
1632369204.007,454.0,450.0
1632369204.31,454.0,450.0
1632369204.609,454.0,451.0
1632369204.908,454.0,451.0
1632369205.207,454.0,452.0
1632369205.506,454.0,452.0
1632369205.809,453.0,453.0
1632369206.108,453.0,453.0
1632369206.407,452.0,453.0
1632369206.706,452.0,453.0
1632369207.009,451.0,453.0
1632369207.308,450.0,453.0
1632369207.607,449.0,452.0
1632369207.906,448.0,452.0
1632369208.205,447.0,451.0
1632369208.508,447.0,450.0
1632369208.808,447.0,450.0
1632369209.106,447.0,449.0
1632369209.406,447.0,449.0
1632369209.705,448.0,448.0
1632369210.008,449.0,448.0
1632369210.307,450.0,447.0
1632369210.606,451.0,447.0
1632369210.905,451.0,448.0
1632369211.204,452.0,448.0
1632369211.507,453.0,448.0
1632369211.806,453.0,449.0
1632369212.105,454.0,450.0
1632369212.404,454.0,450.0
1632369212.707,454.0,451.0
1632369213.006,454.0,452.0
1632369213.305,454.0,452.0
1632369213.604,453.0,453.0
1632369213.903,453.0,453.0
1632369214.206,452.0,453.0
1632369214.505,451.0,453.0
1632369214.805,451.0,453.0
1632369215.104,450.0,453.0
1632369215.403,449.0,452.0
1632369215.706,448.0,452.0
1632369216.005,448.0,451.0
1632369216.304,447.0,450.0
1632369216.603,447.0,450.0
1632369216.902,447.0,449.0
1632369217.205,447.0,449.0
1632369217.504,448.0,448.0
1632369217.803,448.0,448.0
1632369218.102,449.0,447.0
1632369218.405,450.0,447.0
1632369218.704,451.0,447.0
1632369219.003,452.0,448.0
1632369219.302,452.0,448.0
1632369219.601,453.0,449.0
1632369219.904,454.0,449.0
1632369220.203,454.0,450.0
1632369220.502,454.0,451.0
1632369220.802,454.0,451.0
1632369221.101,454.0,452.0
1632369221.404,453.0,452.0
1632369221.703,453.0,453.0
1632369222.002,452.0,453.0
1632369222.301,452.0,453.0
1632369222.6,451.0,453.0
1632369222.903,450.0,453.0
1632369223.202,449.0,452.0
1632369223.501,448.0,452.0
1632369223.8,447.0,451.0
1632369224.099,447.0,450.0
1632369224.402,447.0,450.0
1632369224.701,447.0,449.0
1632369225.0,448.0,449.0
1632369225.299,448.0,448.0
1632369225.602,448.0,448.0
1632369225.901,449.0,447.0
1632369226.2,450.0,447.0
1632369226.5,451.0,447.0
1632369226.799,452.0,448.0
1632369227.101,452.0,448.0
1632369227.401,453.0,449.0
1632369227.7,453.0,449.0
1632369227.999,453.0,450.0
1632369228.298,453.0,450.0
1632369228.601,453.0,451.0
1632369228.9,453.0,451.0
1632369229.199,453.0,452.0
1632369229.498,452.0,452.0
1632369229.797,452.0,452.0
1632369230.1,451.0,452.0
1632369230.399,451.0,452.0
1632369230.698,450.0,452.0
1632369230.997,449.0,452.0
1632369231.3,448.0,451.0
1632369231.599,448.0,451.0
1632369231.898,447.0,450.0
1632369232.197,447.0,450.0
1632369232.496,447.0,449.0
1632369232.799,447.0,449.0
1632369233.098,448.0,448.0
1632369233.397,448.0,448.0
1632369233.696,449.0,447.0
1632369233.996,450.0,447.0
1632369234.299,451.0,447.0
1632369234.598,452.0,448.0
1632369234.897,453.0,448.0
1632369235.196,454.0,449.0
1632369235.495,454.0,449.0
1632369235.798,454.0,450.0
1632369236.097,454.0,451.0
1632369236.396,454.0,451.0
1632369236.695,454.0,452.0
1632369236.998,454.0,453.0
1632369237.297,453.0,453.0
1632369237.596,452.0,453.0
1632369237.895,451.0,453.0
1632369238.194,451.0,453.0
1632369238.497,450.0,453.0
1632369238.796,449.0,452.0
1632369239.095,448.0,452.0
1632369239.395,447.0,451.0
1632369239.694,447.0,450.0
1632369239.997,447.0,450.0
1632369240.296,447.0,449.0
1632369240.595,447.0,448.0
1632369240.894,448.0,448.0
1632369241.193,448.0,448.0
1632369241.496,450.0,447.0
1632369241.795,450.0,447.0
1632369242.094,451.0,447.0
1632369242.393,452.0,448.0
1632369242.692,452.0,448.0
1632369242.995,453.0,449.0
1632369243.294,453.0,449.0
1632369243.593,453.0,450.0
1632369243.892,454.0,451.0
1632369244.195,454.0,451.0
1632369244.494,454.0,452.0
1632369244.793,453.0,452.0
1632369245.092,453.0,452.0
1632369245.391,452.0,453.0
1632369245.695,452.0,453.0
1632369245.994,451.0,453.0
1632369246.293,450.0,452.0
1632369246.592,449.0,452.0
1632369246.891,447.0,452.0
1632369247.194,447.0,451.0
1632369247.493,447.0,450.0
1632369247.792,447.0,450.0
1632369248.091,447.0,449.0
1632369248.39,447.0,448.0
1632369248.693,448.0,448.0
1632369248.992,448.0,448.0
1632369249.291,449.0,447.0
1632369249.59,450.0,447.0
1632369249.893,451.0,447.0
1632369250.192,451.0,448.0
1632369250.492,452.0,448.0
1632369250.79,453.0,449.0
1632369251.089,453.0,449.0
1632369251.393,454.0,450.0
1632369251.691,453.0,450.0
1632369251.99,453.0,451.0
1632369252.29,454.0,451.0
1632369252.589,453.0,452.0
1632369252.892,452.0,452.0
1632369253.191,452.0,452.0
1632369253.49,451.0,452.0
1632369253.789,450.0,452.0
1632369254.088,449.0,452.0
1632369254.391,448.0,452.0
1632369254.69,448.0,451.0
1632369254.989,447.0,451.0
1632369255.288,447.0,450.0
1632369255.591,449.0,449.0
1632369255.89,447.0,449.0
1632369256.189,447.0,448.0
1632369256.488,448.0,448.0
1632369256.787,448.0,448.0
1632369257.09,449.0,447.0
1632369257.39,450.0,447.0
1632369257.688,450.0,448.0
1632369257.988,452.0,448.0
1632369258.286,452.0,448.0
1632369258.59,453.0,449.0
1632369258.889,453.0,449.0
1632369259.188,453.0,450.0
1632369259.487,454.0,450.0
1632369259.786,454.0,451.0
1632369260.089,454.0,452.0
1632369260.388,453.0,452.0
1632369260.687,453.0,452.0
1632369260.986,452.0,453.0
1632369261.289,451.0,453.0
1632369261.588,450.0,453.0
1632369261.887,449.0,452.0
1632369262.186,448.0,452.0
1632369262.485,448.0,451.0
1632369262.788,447.0,451.0
1632369263.087,447.0,450.0
1632369263.386,447.0,449.0
1632369263.686,447.0,449.0
1632369263.985,447.0,448.0
1632369264.288,448.0,448.0
1632369264.587,449.0,447.0
1632369264.886,450.0,447.0
1632369265.185,450.0,447.0
1632369265.484,451.0,448.0
1632369265.787,452.0,448.0
1632369266.086,452.0,448.0
1632369266.385,453.0,449.0
1632369266.684,453.0,449.0
1632369266.983,454.0,450.0
1632369267.286,453.0,451.0
1632369267.585,454.0,451.0
1632369267.884,453.0,452.0
1632369268.183,453.0,452.0
1632369268.486,452.0,452.0
1632369268.785,452.0,452.0
1632369269.084,451.0,452.0
1632369269.384,450.0,452.0
1632369269.682,449.0,452.0
1632369269.986,448.0,452.0
1632369270.285,447.0,451.0
1632369270.584,447.0,450.0
1632369270.883,447.0,450.0
1632369271.182,447.0,449.0
1632369271.485,447.0,449.0
1632369271.784,447.0,448.0
1632369272.083,448.0,448.0
1632369272.382,449.0,447.0
1632369272.681,449.0,447.0
1632369272.984,450.0,447.0
1632369273.283,451.0,447.0
1632369273.582,451.0,448.0
1632369273.881,452.0,448.0
1632369274.184,453.0,449.0
1632369274.483,453.0,449.0
1632369274.782,453.0,450.0
1632369275.081,453.0,450.0
1632369275.38,453.0,451.0
1632369275.683,453.0,451.0
1632369275.983,453.0,452.0
1632369276.281,452.0,452.0
1632369276.581,452.0,452.0
1632369276.88,451.0,452.0
1632369277.183,450.0,452.0
1632369277.482,448.0,452.0
1632369277.781,448.0,451.0
1632369278.08,447.0,451.0
1632369278.379,447.0,450.0
1632369278.682,447.0,450.0
1632369278.981,447.0,449.0
1632369279.28,447.0,448.0
1632369279.579,447.0,448.0
1632369279.882,448.0,447.0
1632369280.181,449.0,447.0
1632369280.48,450.0,447.0
1632369280.779,450.0,447.0
1632369281.078,452.0,447.0
1632369281.381,452.0,448.0
1632369281.681,453.0,448.0
1632369281.98,453.0,449.0
1632369282.278,453.0,450.0
1632369282.578,453.0,450.0
1632369282.881,454.0,451.0
1632369283.18,453.0,451.0
1632369283.479,453.0,452.0
1632369283.778,452.0,452.0
1632369284.077,452.0,452.0
1632369284.38,451.0,452.0
1632369284.679,450.0,452.0
1632369284.978,449.0,452.0
1632369285.277,449.0,452.0
1632369285.58,448.0,451.0
1632369285.879,447.0,451.0
1632369286.178,447.0,450.0
1632369286.477,447.0,449.0
1632369286.776,447.0,449.0
1632369287.079,447.0,448.0
1632369287.379,447.0,448.0
1632369287.678,448.0,447.0
1632369287.977,449.0,447.0
1632369288.276,450.0,447.0
1632369288.579,450.0,447.0
1632369288.878,451.0,447.0
1632369289.177,452.0,448.0
1632369289.476,453.0,448.0
1632369289.775,453.0,449.0
1632369290.078,453.0,450.0
1632369290.45,453.0,450.0
1632369290.676,454.0,451.0
1632369290.975,453.0,451.0
1632369291.274,453.0,452.0
1632369291.577,453.0,452.0
1632369291.876,452.0,452.0
1632369292.175,451.0,452.0
1632369292.515,451.0,452.0
1632369292.777,450.0,452.0
1632369293.077,449.0,452.0
1632369293.375,448.0,451.0
1632369293.675,448.0,451.0
1632369293.974,447.0,450.0
1632369294.277,447.0,450.0
1632369294.576,447.0,449.0
1632369294.875,447.0,449.0
1632369295.174,448.0,448.0
1632369295.473,448.0,448.0
1632369295.776,449.0,447.0
1632369296.075,450.0,447.0
1632369296.374,451.0,447.0
1632369296.673,451.0,448.0
1632369296.972,453.0,448.0
1632369297.275,453.0,449.0
1632369297.574,453.0,449.0
1632369297.873,453.0,450.0
1632369298.172,454.0,450.0
1632369298.475,454.0,451.0
1632369298.774,454.0,452.0
1632369299.073,453.0,452.0
1632369299.372,452.0,452.0
1632369299.671,452.0,453.0
1632369299.974,451.0,453.0
1632369300.273,450.0,452.0
1632369300.573,449.0,452.0
1632369300.872,448.0,452.0
1632369301.171,448.0,451.0
1632369301.474,447.0,451.0
1632369301.773,447.0,450.0
1632369302.072,447.0,449.0
1632369302.371,447.0,449.0
1632369302.67,447.0,448.0
1632369302.973,447.0,448.0
1632369303.272,448.0,447.0
1632369303.571,448.0,447.0
1632369303.87,449.0,447.0
1632369304.173,450.0,447.0
1632369304.472,451.0,447.0
1632369304.771,451.0,448.0
1632369305.07,452.0,448.0
1632369305.369,452.0,449.0
1632369305.672,453.0,449.0
1632369305.971,453.0,450.0
1632369306.27,453.0,450.0
1632369306.57,453.0,451.0
1632369306.869,453.0,451.0
1632369307.172,452.0,452.0
1632369307.471,452.0,452.0
1632369307.77,451.0,452.0
1632369308.069,450.0,452.0
1632369308.368,450.0,452.0
1632369308.671,449.0,452.0
1632369308.97,448.0,451.0
1632369309.269,447.0,451.0
1632369309.568,447.0,450.0
1632369309.867,447.0,449.0
1632369310.17,447.0,449.0
1632369310.469,447.0,448.0
1632369310.768,447.0,448.0
1632369311.067,448.0,447.0
1632369311.371,449.0,447.0
1632369311.669,450.0,447.0
1632369311.968,450.0,447.0
1632369312.268,451.0,447.0
1632369312.567,451.0,448.0
1632369312.87,453.0,448.0
1632369313.169,453.0,449.0
1632369313.468,453.0,449.0
1632369313.767,453.0,450.0
1632369314.066,453.0,451.0
1632369314.369,453.0,451.0
1632369314.668,453.0,452.0
1632369314.967,452.0,452.0
1632369315.266,452.0,452.0
1632369315.565,450.0,452.0
1632369315.868,450.0,452.0
1632369316.167,449.0,452.0
1632369316.466,448.0,451.0
1632369316.765,448.0,451.0
1632369317.068,447.0,450.0
1632369317.367,447.0,450.0
1632369317.667,447.0,449.0
1632369317.966,447.0,449.0
1632369318.264,447.0,448.0
1632369318.568,447.0,448.0
1632369318.867,447.0,447.0
1632369319.166,449.0,447.0
1632369319.465,449.0,447.0
1632369319.764,450.0,447.0
1632369320.067,451.0,447.0
1632369320.366,451.0,448.0
1632369320.665,452.0,448.0
1632369320.964,453.0,449.0
1632369321.263,453.0,449.0
1632369321.566,453.0,450.0
1632369321.865,453.0,450.0
1632369322.164,453.0,451.0
1632369322.463,453.0,451.0
1632369322.766,452.0,452.0
1632369323.065,452.0,452.0
1632369323.364,451.0,452.0
1632369323.663,450.0,452.0
1632369323.962,449.0,452.0
1632369324.266,448.0,451.0
1632369324.565,447.0,451.0
1632369324.864,447.0,450.0
1632369325.163,447.0,450.0
1632369325.462,446.0,449.0
1632369325.765,446.0,448.0
1632369326.064,446.0,448.0
1632369326.363,447.0,447.0
1632369326.662,448.0,447.0
1632369326.961,449.0,447.0
1632369327.264,450.0,447.0
1632369327.563,450.0,447.0
1632369327.862,451.0,447.0
1632369328.161,452.0,448.0
1632369328.464,452.0,448.0
1632369328.763,453.0,449.0
1632369329.062,453.0,449.0
1632369329.361,453.0,450.0
1632369329.66,453.0,451.0
1632369329.963,453.0,451.0
1632369330.262,453.0,452.0
1632369330.561,452.0,452.0
1632369330.861,451.0,452.0
1632369331.16,451.0,452.0
1632369331.463,450.0,452.0
1632369331.762,449.0,452.0
1632369332.061,448.0,451.0
1632369332.36,447.0,451.0
1632369332.659,447.0,450.0
1632369332.962,447.0,450.0
1632369333.261,447.0,449.0
1632369333.56,447.0,448.0
1632369333.859,447.0,448.0
1632369334.158,447.0,448.0
1632369334.461,449.0,447.0
1632369334.76,449.0,447.0
1632369335.059,450.0,447.0
1632369335.358,451.0,447.0
1632369335.661,452.0,448.0
1632369335.96,453.0,448.0
1632369336.26,453.0,449.0
1632369336.558,454.0,449.0
1632369336.858,454.0,450.0
1632369337.161,454.0,451.0
1632369337.46,454.0,451.0
1632369337.759,454.0,452.0
1632369338.058,453.0,452.0
1632369338.357,452.0,453.0
1632369338.66,452.0,453.0
1632369338.959,451.0,453.0
1632369339.258,450.0,453.0
1632369339.557,449.0,452.0
1632369339.856,448.0,452.0
1632369340.159,447.0,451.0
1632369340.458,447.0,451.0
1632369340.757,447.0,450.0
1632369341.056,447.0,449.0
1632369341.36,447.0,449.0
1632369341.658,448.0,448.0
1632369341.957,448.0,448.0
1632369342.257,449.0,447.0
1632369342.556,450.0,447.0
1632369342.859,451.0,447.0
1632369343.158,452.0,448.0
1632369343.457,452.0,448.0
1632369343.756,453.0,449.0
1632369344.055,454.0,449.0
1632369344.358,454.0,450.0
1632369344.657,454.0,451.0
1632369344.956,454.0,451.0
1632369345.255,454.0,452.0
1632369345.554,454.0,452.0
1632369345.857,453.0,453.0
1632369346.156,453.0,453.0
1632369346.455,452.0,453.0
1632369346.754,451.0,453.0
1632369347.057,450.0,453.0
1632369347.356,449.0,452.0
1632369347.655,448.0,452.0
1632369347.955,448.0,451.0
1632369348.253,447.0,451.0
1632369348.557,447.0,450.0
1632369348.856,447.0,449.0
1632369349.155,447.0,449.0
1632369349.454,447.0,448.0
1632369349.753,448.0,448.0
1632369350.056,449.0,447.0
1632369350.355,449.0,447.0
1632369350.654,450.0,447.0
1632369350.953,451.0,447.0
1632369351.252,452.0,448.0
1632369351.555,452.0,448.0
1632369351.854,453.0,449.0
1632369352.153,453.0,449.0
1632369352.452,453.0,450.0
1632369352.751,453.0,451.0
1632369353.054,453.0,451.0
1632369353.354,453.0,451.0
1632369353.652,453.0,452.0
1632369353.951,452.0,452.0
1632369354.255,452.0,452.0
1632369354.554,451.0,452.0
1632369354.853,450.0,452.0
1632369355.152,449.0,452.0
1632369355.451,448.0,451.0
1632369355.754,448.0,451.0
1632369356.053,447.0,450.0
1632369356.352,447.0,450.0
1632369356.651,447.0,449.0
1632369356.95,446.0,449.0
1632369357.253,447.0,448.0
1632369357.552,448.0,448.0
1632369357.851,449.0,447.0
1632369358.15,449.0,447.0
1632369358.449,450.0,447.0
1632369358.752,450.0,447.0
1632369359.051,451.0,448.0
1632369359.35,452.0,448.0
1632369359.649,452.0,448.0
1632369359.952,453.0,449.0
1632369360.251,453.0,450.0
1632369360.55,453.0,450.0
1632369360.849,453.0,451.0
1632369361.149,453.0,451.0
1632369361.452,453.0,452.0
1632369361.751,452.0,452.0
1632369362.05,451.0,452.0
1632369362.349,451.0,452.0
1632369362.648,450.0,452.0
1632369362.951,449.0,452.0
1632369363.25,448.0,451.0
1632369363.549,447.0,451.0
1632369363.848,447.0,450.0
1632369364.147,447.0,450.0
1632369364.45,447.0,449.0
1632369364.749,446.0,448.0
1632369365.048,447.0,448.0
1632369365.347,448.0,447.0
1632369365.65,448.0,447.0
1632369365.949,449.0,447.0
1632369366.248,449.0,447.0
1632369366.547,450.0,447.0
1632369366.846,451.0,447.0
1632369367.15,452.0,448.0
1632369367.449,452.0,448.0
1632369367.748,453.0,449.0
1632369368.047,453.0,449.0
1632369368.346,453.0,450.0
1632369368.649,453.0,451.0
1632369368.948,453.0,451.0
1632369369.247,452.0,451.0
1632369369.546,452.0,452.0
1632369369.845,451.0,452.0
1632369370.148,451.0,452.0
1632369370.447,450.0,452.0
1632369370.746,449.0,452.0
1632369371.045,448.0,451.0
1632369371.348,447.0,451.0
1632369371.647,447.0,450.0
1632369371.946,447.0,450.0
1632369372.246,447.0,449.0
1632369372.545,447.0,448.0
1632369372.848,447.0,448.0
1632369373.147,448.0,448.0
1632369373.446,449.0,447.0
1632369373.745,449.0,447.0
1632369374.044,451.0,447.0
1632369374.347,451.0,447.0
1632369374.646,451.0,448.0
1632369374.945,452.0,448.0
1632369375.244,452.0,449.0
1632369375.543,453.0,449.0
1632369375.846,453.0,450.0
1632369376.145,453.0,450.0
1632369376.444,453.0,451.0
1632369376.743,453.0,451.0
1632369377.046,452.0,452.0
1632369377.345,452.0,452.0
1632369377.644,451.0,452.0
1632369377.944,450.0,452.0
1632369378.243,449.0,452.0
1632369378.546,448.0,451.0
1632369378.845,447.0,451.0
1632369379.144,447.0,450.0
1632369379.443,447.0,450.0
1632369379.742,447.0,449.0
1632369380.045,446.0,449.0
1632369380.344,447.0,448.0
1632369380.643,447.0,447.0
1632369380.942,448.0,447.0
1632369381.241,449.0,447.0
1632369381.544,449.0,447.0
1632369381.843,450.0,447.0
1632369382.142,451.0,447.0
1632369382.441,452.0,448.0
1632369382.74,452.0,448.0
1632369383.043,453.0,449.0
1632369383.342,453.0,449.0
1632369383.641,453.0,450.0
1632369383.94,453.0,451.0
1632369384.244,453.0,451.0
1632369384.542,453.0,451.0
1632369384.842,452.0,452.0
1632369385.141,452.0,452.0
1632369385.44,451.0,452.0
1632369385.743,450.0,452.0
1632369386.042,449.0,452.0
1632369386.341,448.0,451.0
1632369386.64,448.0,451.0
1632369386.939,447.0,450.0
1632369387.242,447.0,450.0
1632369387.541,447.0,449.0
1632369387.84,446.0,449.0
1632369388.139,446.0,448.0
1632369388.438,447.0,447.0
1632369388.741,448.0,447.0
1632369389.04,448.0,447.0
1632369389.339,449.0,447.0
1632369389.638,450.0,447.0
1632369389.942,451.0,447.0
1632369390.24,451.0,447.0
1632369390.54,452.0,448.0
1632369390.839,452.0,448.0
1632369391.138,453.0,449.0
1632369391.441,453.0,450.0
1632369391.74,453.0,450.0
1632369392.039,453.0,451.0
1632369392.338,452.0,451.0
1632369392.637,453.0,452.0
1632369392.94,452.0,452.0
1632369393.239,451.0,452.0
1632369393.538,450.0,452.0
1632369393.837,450.0,452.0
1632369394.136,449.0,452.0
1632369394.439,448.0,451.0
1632369394.738,448.0,451.0
1632369395.037,447.0,450.0
1632369395.336,447.0,450.0
1632369395.639,447.0,449.0
1632369395.938,447.0,448.0
1632369396.237,447.0,448.0
1632369396.536,448.0,448.0
1632369396.835,449.0,447.0
1632369397.138,449.0,447.0
1632369397.438,450.0,447.0
1632369397.737,451.0,447.0
1632369398.036,451.0,448.0
1632369398.335,452.0,448.0
1632369398.638,453.0,449.0
1632369398.937,453.0,449.0
1632369399.236,453.0,450.0
1632369399.535,453.0,450.0
1632369399.834,453.0,451.0
1632369400.137,453.0,451.0
1632369400.436,453.0,452.0
1632369400.735,452.0,452.0
1632369401.034,451.0,452.0
1632369401.337,450.0,452.0
1632369401.636,450.0,452.0
1632369401.935,449.0,452.0
1632369402.234,448.0,451.0
1632369402.534,447.0,451.0
1632369402.837,447.0,450.0
1632369403.136,447.0,450.0
1632369403.435,447.0,449.0
1632369403.734,447.0,448.0
1632369404.033,447.0,448.0
1632369404.336,448.0,447.0
1632369404.635,449.0,447.0
1632369404.934,449.0,447.0
1632369405.233,450.0,447.0
1632369405.532,451.0,447.0
1632369405.835,451.0,448.0
1632369406.134,452.0,448.0
1632369406.433,453.0,449.0
1632369406.732,453.0,449.0
1632369407.031,453.0,450.0
1632369407.334,453.0,450.0
1632369407.633,453.0,451.0
1632369407.933,453.0,451.0
1632369408.232,452.0,452.0
1632369408.535,452.0,452.0
1632369408.834,451.0,452.0
1632369409.132,450.0,452.0
1632369409.432,449.0,452.0
1632369409.731,449.0,451.0
1632369410.034,448.0,451.0
1632369410.333,447.0,451.0
1632369410.632,447.0,450.0
1632369410.931,447.0,449.0
1632369411.23,446.0,449.0
1632369411.533,446.0,448.0
1632369411.832,447.0,448.0
1632369412.131,448.0,447.0
1632369412.43,449.0,447.0
1632369412.729,449.0,447.0
1632369413.032,450.0,447.0
1632369413.331,451.0,447.0
1632369413.63,451.0,448.0
1632369413.929,452.0,448.0
1632369414.233,453.0,448.0
1632369414.532,453.0,449.0
1632369414.831,453.0,450.0
1632369415.13,453.0,450.0
1632369415.429,453.0,451.0
1632369415.732,453.0,451.0
1632369416.031,452.0,452.0
1632369416.33,452.0,452.0
1632369416.629,451.0,452.0
1632369416.928,450.0,452.0
1632369417.231,449.0,452.0
1632369417.53,448.0,451.0
1632369417.829,448.0,451.0
1632369418.128,447.0,450.0
1632369418.427,447.0,450.0
1632369418.73,447.0,449.0
1632369419.029,446.0,449.0
1632369419.328,446.0,448.0
1632369419.627,447.0,447.0
1632369419.931,448.0,447.0
1632369420.229,448.0,447.0
1632369420.529,449.0,447.0
1632369420.827,450.0,447.0
1632369421.127,451.0,447.0
1632369421.43,451.0,447.0
1632369421.729,452.0,448.0
1632369422.028,452.0,448.0
1632369422.327,453.0,449.0
1632369422.626,453.0,450.0
1632369422.929,453.0,450.0
1632369423.228,453.0,451.0
1632369423.527,452.0,451.0
1632369423.826,452.0,452.0
1632369424.125,452.0,452.0
1632369424.428,451.0,452.0
1632369424.727,450.0,452.0
1632369425.026,449.0,452.0
1632369425.325,448.0,451.0
1632369425.628,448.0,451.0
1632369425.927,447.0,450.0
1632369426.226,447.0,450.0
1632369426.525,447.0,449.0
1632369426.824,446.0,449.0
1632369427.127,446.0,448.0
1632369427.427,447.0,447.0
1632369427.726,448.0,447.0
1632369428.025,448.0,447.0
1632369428.324,449.0,447.0
1632369428.627,449.0,447.0
1632369428.926,450.0,447.0
1632369429.225,451.0,447.0
1632369429.524,451.0,448.0
1632369429.823,452.0,448.0
1632369430.126,452.0,449.0
1632369430.425,453.0,449.0
1632369430.724,452.0,450.0
1632369431.023,453.0,450.0
1632369431.322,452.0,451.0
1632369431.625,452.0,451.0
1632369431.924,451.0,451.0
1632369432.223,451.0,451.0
1632369432.522,450.0,451.0
1632369432.826,449.0,451.0
1632369433.125,449.0,451.0
1632369433.424,448.0,451.0
1632369433.723,447.0,450.0
1632369434.022,447.0,450.0
1632369434.325,447.0,449.0
1632369434.624,446.0,449.0
1632369434.923,446.0,448.0
1632369435.222,447.0,448.0
1632369435.521,448.0,447.0
1632369435.824,449.0,447.0
1632369436.123,449.0,447.0
1632369436.422,450.0,447.0
1632369436.721,451.0,447.0
1632369437.02,451.0,448.0
1632369437.323,452.0,448.0
1632369437.622,453.0,448.0
1632369437.922,453.0,449.0
1632369438.22,453.0,450.0
1632369438.523,453.0,450.0
1632369438.822,453.0,451.0
1632369439.121,452.0,451.0
1632369439.42,452.0,452.0
1632369439.72,452.0,452.0
1632369440.023,451.0,452.0
1632369440.322,450.0,452.0
1632369440.621,449.0,452.0
1632369440.92,448.0,451.0
1632369441.219,447.0,451.0
1632369441.522,447.0,450.0
1632369441.821,447.0,450.0
1632369442.12,447.0,449.0
1632369442.419,447.0,449.0
1632369442.718,447.0,448.0
1632369443.021,447.0,448.0
1632369443.32,448.0,447.0
1632369443.619,449.0,447.0
1632369443.918,449.0,447.0
1632369444.221,450.0,447.0
1632369444.52,451.0,447.0
1632369444.819,451.0,448.0
1632369445.119,452.0,448.0
1632369445.418,452.0,449.0
1632369445.721,453.0,449.0
1632369446.02,453.0,450.0
1632369446.319,453.0,450.0
1632369446.618,453.0,451.0
1632369446.917,453.0,451.0
1632369447.22,453.0,452.0
1632369447.519,452.0,452.0
1632369447.818,451.0,452.0
1632369448.117,450.0,452.0
1632369448.416,450.0,452.0
1632369448.719,449.0,452.0
1632369449.018,448.0,451.0
1632369449.317,447.0,451.0
1632369449.616,447.0,450.0
1632369449.919,447.0,450.0
1632369450.218,447.0,449.0
1632369450.517,446.0,448.0
1632369450.816,447.0,448.0
1632369451.116,448.0,447.0
1632369451.419,448.0,447.0
1632369451.718,449.0,447.0
1632369452.017,450.0,447.0
1632369452.316,451.0,447.0
1632369452.615,451.0,448.0
1632369452.918,452.0,448.0
1632369453.217,453.0,448.0
1632369453.516,453.0,449.0
1632369453.815,453.0,450.0
1632369454.114,453.0,450.0
1632369454.417,453.0,451.0
1632369454.716,453.0,451.0
1632369455.015,453.0,452.0
1632369455.314,452.0,452.0
1632369455.613,451.0,452.0
1632369455.916,450.0,452.0
1632369456.216,450.0,452.0
1632369456.515,449.0,452.0
1632369456.814,448.0,451.0
1632369457.117,447.0,451.0
1632369457.416,447.0,450.0
1632369457.715,446.0,450.0
1632369458.014,446.0,449.0
1632369458.313,446.0,448.0
1632369458.616,446.0,448.0
1632369458.915,447.0,447.0
1632369459.214,447.0,447.0
1632369459.513,448.0,446.0
1632369459.812,449.0,446.0
1632369460.115,450.0,446.0
1632369460.414,450.0,447.0
1632369460.713,451.0,447.0
1632369461.012,452.0,448.0
1632369461.311,452.0,448.0
1632369461.614,453.0,449.0
1632369461.913,453.0,449.0
1632369462.212,453.0,450.0
1632369462.512,453.0,451.0
1632369462.815,452.0,451.0
1632369463.114,452.0,451.0
1632369463.413,451.0,452.0
1632369463.712,451.0,452.0
1632369464.011,450.0,452.0
1632369464.314,449.0,452.0
1632369464.613,448.0,451.0
1632369464.912,447.0,451.0
1632369465.211,447.0,450.0
1632369465.51,446.0,450.0
1632369465.813,446.0,449.0
1632369466.112,446.0,448.0
1632369466.411,446.0,448.0
1632369466.71,447.0,447.0
1632369467.009,448.0,447.0
1632369467.312,448.0,447.0
1632369467.611,449.0,446.0
1632369467.91,450.0,447.0
1632369468.21,451.0,447.0
1632369468.513,451.0,447.0
1632369468.812,451.0,448.0
1632369469.111,452.0,448.0
1632369469.41,452.0,449.0
1632369469.709,452.0,449.0
1632369470.012,453.0,450.0
1632369470.311,452.0,450.0
1632369470.61,452.0,451.0
1632369470.909,451.0,451.0
1632369471.208,450.0,451.0
1632369471.511,450.0,451.0
1632369471.81,449.0,451.0
1632369472.109,448.0,451.0
1632369472.408,448.0,450.0
1632369472.707,447.0,450.0
1632369473.01,446.0,450.0
1632369473.309,446.0,449.0
1632369473.608,446.0,448.0
1632369473.907,446.0,448.0
1632369474.21,446.0,447.0
1632369474.509,447.0,447.0
1632369474.809,448.0,446.0
1632369475.108,448.0,446.0
1632369475.407,449.0,446.0
1632369475.71,450.0,446.0
1632369476.009,451.0,447.0
1632369476.308,451.0,447.0
1632369476.607,452.0,448.0
1632369476.906,452.0,448.0
1632369477.209,452.0,449.0
1632369477.508,452.0,450.0
1632369477.807,452.0,450.0
1632369478.106,452.0,450.0
1632369478.405,452.0,451.0
1632369478.708,451.0,451.0
1632369479.007,451.0,451.0
1632369479.306,450.0,451.0
1632369479.605,449.0,451.0
1632369479.904,448.0,451.0
1632369480.207,448.0,450.0
1632369480.507,447.0,450.0
1632369480.805,447.0,450.0
1632369481.105,446.0,449.0
1632369481.408,446.0,448.0
1632369481.707,446.0,448.0
1632369482.006,446.0,447.0
1632369482.305,447.0,447.0
1632369482.604,447.0,447.0
1632369482.907,448.0,446.0
1632369483.206,448.0,446.0
1632369483.505,449.0,446.0
1632369483.804,450.0,447.0
1632369484.103,451.0,447.0
1632369484.406,452.0,447.0
1632369484.705,452.0,448.0
1632369485.004,452.0,449.0
1632369485.303,452.0,449.0
1632369485.602,452.0,450.0
1632369485.905,452.0,450.0
1632369486.205,452.0,451.0
1632369486.503,451.0,451.0
1632369486.803,451.0,451.0
1632369487.106,450.0,451.0
1632369487.405,450.0,451.0
1632369487.704,449.0,451.0
1632369488.003,448.0,451.0
1632369488.302,448.0,450.0
1632369488.605,447.0,450.0
1632369488.904,446.0,449.0
1632369489.203,446.0,449.0
1632369489.502,446.0,448.0
1632369489.801,446.0,448.0
1632369490.104,447.0,447.0
1632369490.403,448.0,447.0
1632369490.702,448.0,447.0
1632369491.001,449.0,447.0
1632369491.3,449.0,447.0
1632369491.603,450.0,447.0
1632369491.902,450.0,447.0
1632369492.201,451.0,447.0
1632369492.501,451.0,448.0
1632369492.804,452.0,448.0
1632369493.103,452.0,449.0
1632369493.402,452.0,450.0
1632369493.701,452.0,450.0
1632369494.0,452.0,450.0
1632369494.303,452.0,451.0
1632369494.602,451.0,451.0
1632369494.901,451.0,451.0
1632369495.2,451.0,451.0
1632369495.499,450.0,451.0
1632369495.802,449.0,451.0
1632369496.101,448.0,451.0
1632369496.4,448.0,450.0
1632369496.699,447.0,450.0
1632369496.998,447.0,449.0
1632369497.301,446.0,449.0
1632369497.6,446.0,448.0
1632369497.899,446.0,448.0
1632369498.199,447.0,447.0
1632369498.501,447.0,447.0
1632369498.8,448.0,447.0
1632369499.1,448.0,447.0
1632369499.399,449.0,447.0
1632369499.698,450.0,447.0
1632369500.001,451.0,447.0
1632369500.3,451.0,447.0
1632369500.599,452.0,448.0
1632369500.898,452.0,448.0
1632369501.197,452.0,449.0
1632369501.5,452.0,450.0
1632369501.799,452.0,450.0
1632369502.098,452.0,450.0
1632369502.397,452.0,451.0
1632369502.696,451.0,451.0
1632369502.999,451.0,451.0
1632369503.298,450.0,451.0
1632369503.597,449.0,451.0
1632369503.896,449.0,451.0
1632369504.199,448.0,451.0
1632369504.499,447.0,450.0
1632369504.798,447.0,450.0
1632369505.096,446.0,449.0
1632369505.396,446.0,449.0
1632369505.699,446.0,448.0
1632369505.998,447.0,447.0
1632369506.297,447.0,447.0
1632369506.596,448.0,447.0
1632369506.895,448.0,447.0
1632369507.198,449.0,447.0
1632369507.497,450.0,447.0
1632369507.796,451.0,447.0
1632369508.095,451.0,447.0
1632369508.394,452.0,448.0
1632369508.697,452.0,448.0
1632369508.996,452.0,449.0
1632369509.295,452.0,450.0
1632369509.594,452.0,450.0
1632369509.893,452.0,450.0
1632369510.196,452.0,451.0
1632369510.496,451.0,451.0
1632369510.794,451.0,451.0
1632369511.094,450.0,451.0
1632369511.397,449.0,451.0
1632369511.696,448.0,451.0
1632369511.995,448.0,450.0
1632369512.294,447.0,450.0
1632369512.593,447.0,450.0
1632369512.896,446.0,449.0
1632369513.195,446.0,448.0
1632369513.494,446.0,448.0
1632369513.793,446.0,447.0
1632369514.092,447.0,447.0
1632369514.395,447.0,447.0
1632369514.694,448.0,446.0
1632369514.993,449.0,446.0
1632369515.292,449.0,446.0
1632369515.591,450.0,447.0
1632369515.894,451.0,447.0
1632369516.193,452.0,447.0
1632369516.492,452.0,448.0
1632369516.792,452.0,449.0
1632369517.094,452.0,449.0
1632369517.394,452.0,450.0
1632369517.693,452.0,450.0
1632369517.992,452.0,451.0
1632369518.291,452.0,451.0
1632369518.594,451.0,451.0
1632369518.893,451.0,451.0
1632369519.192,450.0,451.0
1632369519.491,449.0,451.0
1632369519.79,448.0,451.0
1632369520.093,448.0,450.0
1632369520.392,447.0,450.0
1632369520.691,446.0,450.0
1632369520.99,446.0,449.0
1632369521.289,446.0,448.0
1632369521.592,446.0,448.0
1632369521.891,447.0,447.0
1632369522.19,447.0,447.0
1632369522.489,448.0,447.0
1632369522.792,448.0,446.0
1632369523.092,449.0,446.0
1632369523.391,450.0,447.0
1632369523.69,451.0,447.0
1632369523.989,451.0,447.0
1632369524.292,451.0,448.0
1632369524.591,452.0,448.0
1632369524.89,452.0,449.0
1632369525.189,452.0,449.0
1632369525.488,452.0,450.0
1632369525.791,452.0,450.0
1632369526.09,451.0,451.0
1632369526.389,451.0,451.0
1632369526.688,450.0,451.0
1632369526.987,449.0,451.0
1632369527.29,448.0,451.0
1632369527.589,448.0,450.0
1632369527.888,447.0,450.0
1632369528.187,446.0,450.0
1632369528.49,446.0,449.0
1632369528.789,446.0,448.0
1632369529.088,445.0,448.0
1632369529.387,446.0,447.0
1632369529.687,447.0,447.0
1632369529.99,447.0,446.0
1632369530.289,448.0,446.0
1632369530.588,449.0,446.0
1632369530.887,450.0,446.0
1632369531.186,451.0,447.0
1632369531.489,451.0,447.0
1632369531.788,452.0,448.0
1632369532.087,452.0,448.0
1632369532.386,452.0,449.0
1632369532.685,453.0,449.0
1632369532.988,452.0,450.0
1632369533.287,452.0,451.0
1632369533.586,452.0,451.0
1632369533.885,451.0,451.0
1632369534.184,451.0,451.0
1632369534.487,450.0,451.0
1632369534.786,449.0,451.0
1632369535.086,448.0,451.0
1632369535.385,447.0,451.0
1632369535.688,447.0,450.0
1632369535.987,446.0,449.0
1632369536.286,446.0,449.0
1632369536.585,446.0,448.0
1632369536.884,445.0,448.0
1632369537.187,446.0,447.0
1632369537.486,447.0,447.0
1632369537.785,447.0,446.0
1632369538.084,448.0,446.0
1632369538.383,449.0,446.0
1632369538.686,450.0,446.0
1632369538.985,451.0,447.0
1632369539.284,451.0,447.0
1632369539.583,451.0,448.0
1632369539.882,452.0,448.0
1632369540.185,452.0,449.0
1632369540.484,452.0,449.0
1632369540.783,452.0,450.0
1632369541.083,452.0,450.0
1632369541.386,451.0,451.0
1632369541.685,451.0,451.0
1632369541.984,450.0,451.0
1632369542.283,450.0,451.0
1632369542.582,449.0,451.0
1632369542.885,448.0,451.0
1632369543.184,447.0,450.0
1632369543.483,447.0,450.0
1632369543.782,446.0,449.0
1632369544.081,446.0,449.0
1632369544.384,445.0,448.0
1632369544.683,446.0,447.0
1632369544.982,446.0,447.0
1632369545.281,446.0,447.0
1632369545.58,447.0,446.0
1632369545.883,448.0,446.0
1632369546.182,448.0,446.0
1632369546.481,449.0,446.0
1632369546.781,450.0,446.0
1632369547.084,451.0,447.0
1632369547.383,451.0,447.0
1632369547.682,451.0,448.0
1632369547.981,452.0,448.0
1632369548.28,452.0,449.0
1632369548.583,452.0,449.0
1632369548.882,452.0,450.0
1632369549.181,452.0,450.0
1632369549.48,451.0,451.0
1632369549.779,451.0,451.0
1632369550.082,450.0,451.0
1632369550.381,450.0,451.0
1632369550.68,449.0,451.0
1632369550.979,448.0,451.0
1632369551.278,447.0,450.0
1632369551.581,447.0,450.0
1632369551.88,446.0,449.0
1632369552.179,446.0,449.0
1632369552.478,446.0,448.0
1632369552.781,446.0,448.0
1632369553.08,446.0,447.0
1632369553.38,447.0,447.0
1632369553.679,448.0,446.0
1632369553.978,448.0,446.0
1632369554.281,449.0,446.0
1632369554.58,450.0,446.0
1632369554.879,451.0,447.0
1632369555.178,451.0,447.0
1632369555.477,451.0,448.0
1632369555.78,452.0,448.0
1632369556.079,452.0,449.0
1632369556.378,452.0,449.0
1632369556.677,452.0,450.0
1632369556.976,452.0,450.0
1632369557.279,452.0,451.0
1632369557.578,451.0,451.0
1632369557.877,451.0,451.0
1632369558.176,450.0,451.0
1632369558.479,449.0,451.0
1632369558.778,448.0,451.0
1632369559.077,447.0,450.0
1632369559.377,447.0,450.0
1632369559.676,446.0,449.0
1632369559.979,446.0,449.0
1632369560.278,446.0,448.0
1632369560.577,446.0,448.0
1632369560.876,446.0,447.0
1632369561.175,447.0,447.0
1632369561.478,447.0,446.0
1632369561.777,448.0,446.0
1632369562.076,449.0,446.0
1632369562.375,449.0,446.0
1632369562.674,450.0,447.0
1632369562.977,450.0,447.0
1632369563.276,452.0,447.0
1632369563.575,452.0,448.0
1632369563.874,452.0,449.0
1632369564.173,452.0,449.0
1632369564.476,452.0,450.0
1632369564.775,452.0,450.0
1632369565.075,452.0,451.0
1632369565.374,451.0,451.0
1632369565.677,451.0,451.0
1632369565.976,450.0,451.0
1632369566.275,449.0,451.0
1632369566.574,448.0,451.0
1632369566.873,447.0,450.0
1632369567.176,447.0,450.0
1632369567.475,446.0,449.0
1632369567.774,446.0,449.0
1632369568.073,446.0,448.0
1632369568.372,446.0,448.0
1632369568.675,446.0,447.0
1632369568.974,446.0,447.0
1632369569.273,447.0,446.0
1632369569.572,447.0,446.0
1632369569.871,448.0,446.0
1632369570.174,449.0,446.0
1632369570.473,450.0,446.0
1632369570.772,451.0,447.0
1632369571.072,451.0,447.0
1632369571.375,451.0,448.0
1632369571.674,452.0,448.0
1632369571.973,452.0,449.0
1632369572.272,452.0,449.0
1632369572.571,452.0,450.0
1632369572.874,451.0,450.0
1632369573.173,451.0,451.0
1632369573.472,450.0,451.0
1632369573.771,450.0,451.0
1632369574.07,449.0,451.0
1632369574.373,449.0,451.0
1632369574.672,448.0,450.0
1632369574.971,448.0,450.0
1632369575.27,446.0,450.0
1632369575.569,446.0,449.0
1632369575.872,446.0,448.0
1632369576.171,446.0,448.0
1632369576.47,446.0,447.0
1632369576.769,446.0,447.0
1632369577.072,446.0,447.0
1632369577.372,447.0,446.0
1632369577.671,448.0,446.0
1632369577.97,448.0,446.0
1632369578.269,449.0,446.0
1632369578.572,450.0,446.0
1632369578.871,451.0,447.0
1632369579.17,451.0,447.0
1632369579.469,451.0,448.0
1632369579.768,452.0,448.0
1632369580.071,452.0,449.0
1632369580.37,452.0,449.0
1632369580.669,452.0,450.0
1632369580.968,451.0,450.0
1632369581.267,450.0,451.0
1632369581.57,450.0,451.0
1632369581.869,450.0,451.0
1632369582.168,449.0,451.0
1632369582.467,448.0,450.0
1632369582.77,447.0,450.0
1632369583.069,447.0,450.0
1632369583.369,446.0,449.0
1632369583.668,446.0,449.0
1632369583.967,446.0,448.0
1632369584.27,446.0,447.0
1632369584.569,446.0,447.0
1632369584.868,446.0,447.0
1632369585.167,447.0,446.0
1632369585.466,448.0,446.0
1632369585.769,448.0,446.0
1632369586.068,449.0,446.0
1632369586.367,450.0,446.0
1632369586.666,450.0,447.0
1632369586.965,451.0,447.0
1632369587.268,451.0,448.0
1632369587.567,451.0,448.0
1632369587.866,452.0,449.0
1632369588.165,452.0,449.0
1632369588.468,452.0,450.0
1632369588.767,451.0,450.0
1632369589.066,451.0,450.0
1632369589.366,450.0,451.0
1632369589.665,450.0,451.0
1632369589.968,449.0,451.0
1632369590.267,448.0,450.0
1632369590.566,447.0,450.0
1632369590.865,447.0,450.0
1632369591.164,446.0,449.0
1632369591.467,446.0,449.0
1632369591.766,446.0,448.0
1632369592.065,446.0,448.0
1632369592.364,446.0,447.0
1632369592.663,447.0,447.0
1632369592.966,447.0,446.0
1632369593.265,448.0,446.0
1632369593.564,448.0,446.0
1632369593.863,449.0,446.0
1632369594.166,450.0,446.0
1632369594.465,451.0,447.0
1632369594.764,451.0,447.0
1632369595.063,452.0,448.0
1632369595.362,452.0,448.0
1632369595.666,452.0,449.0
1632369595.964,452.0,450.0
1632369596.264,452.0,450.0
1632369596.563,451.0,450.0
1632369596.862,451.0,451.0
1632369597.165,451.0,451.0
1632369597.464,450.0,451.0
1632369597.763,450.0,451.0
1632369598.062,449.0,451.0
1632369598.361,448.0,451.0
1632369598.664,447.0,450.0
1632369598.963,447.0,450.0
1632369599.262,446.0,449.0
1632369599.561,446.0,449.0
1632369599.86,446.0,448.0
1632369600.163,446.0,448.0
1632369600.462,447.0,447.0
1632369600.761,447.0,447.0
1632369601.06,448.0,446.0
1632369601.363,449.0,446.0
1632369601.663,449.0,446.0
1632369601.962,450.0,447.0
1632369602.261,451.0,447.0
1632369602.56,451.0,447.0
1632369602.863,452.0,448.0
1632369603.162,452.0,449.0
1632369603.461,452.0,449.0
1632369603.76,452.0,450.0
1632369604.059,452.0,450.0
1632369604.362,452.0,451.0
1632369604.661,451.0,451.0
1632369604.96,451.0,451.0
1632369605.259,450.0,451.0
1632369605.558,450.0,451.0
1632369605.861,448.0,451.0
1632369606.16,447.0,451.0
1632369606.459,447.0,450.0
1632369606.758,446.0,450.0
1632369607.061,446.0,449.0
1632369607.36,446.0,448.0
1632369607.659,445.0,448.0
1632369607.959,446.0,447.0
1632369608.258,446.0,447.0
1632369608.561,447.0,446.0
1632369608.86,450.0,446.0
1632369609.159,448.0,446.0
1632369609.458,449.0,446.0
1632369609.757,450.0,446.0
1632369610.06,451.0,447.0
1632369610.359,451.0,447.0
1632369610.658,451.0,448.0
1632369610.957,452.0,448.0
1632369611.256,452.0,449.0
1632369611.559,452.0,450.0
1632369611.858,451.0,450.0
1632369612.157,451.0,450.0
1632369612.456,451.0,451.0
1632369612.759,450.0,451.0
1632369613.058,450.0,451.0
1632369613.357,449.0,451.0
1632369613.657,448.0,450.0
1632369613.956,448.0,450.0
1632369614.259,447.0,450.0
1632369614.558,447.0,449.0
1632369614.857,447.0,449.0
1632369615.156,446.0,448.0
1632369615.455,446.0,448.0
1632369615.758,446.0,447.0
1632369616.057,447.0,447.0
1632369616.356,447.0,447.0
1632369616.655,448.0,446.0
1632369616.954,448.0,446.0
1632369617.257,449.0,446.0
1632369617.556,450.0,447.0
1632369617.855,450.0,447.0
1632369618.154,451.0,447.0
1632369618.457,453.0,448.0
1632369618.756,454.0,448.0
1632369619.055,452.0,449.0
1632369619.354,451.0,450.0
1632369619.653,451.0,450.0
1632369619.956,451.0,450.0
1632369620.255,450.0,451.0
1632369620.554,450.0,451.0
1632369620.854,450.0,451.0
1632369621.153,449.0,451.0
1632369621.456,448.0,451.0
1632369621.755,447.0,450.0
1632369622.054,446.0,449.0
1632369622.353,446.0,449.0
1632369622.652,446.0,448.0
1632369622.955,446.0,448.0
1632369623.254,446.0,447.0
1632369623.553,446.0,447.0
1632369623.852,447.0,447.0
1632369624.155,447.0,446.0
1632369624.454,448.0,446.0
1632369624.753,448.0,446.0
1632369625.052,449.0,446.0
1632369625.351,450.0,446.0
1632369625.654,450.0,447.0
1632369625.953,451.0,447.0
1632369626.253,451.0,448.0
1632369626.552,451.0,448.0
1632369626.851,451.0,449.0
1632369627.154,451.0,449.0
1632369627.453,451.0,450.0
1632369627.752,451.0,450.0
1632369628.051,450.0,450.0
1632369628.35,450.0,450.0
1632369628.653,449.0,450.0
1632369628.952,448.0,450.0
1632369629.251,448.0,450.0
1632369629.55,447.0,450.0
1632369629.849,447.0,449.0
1632369630.152,446.0,449.0
1632369630.451,446.0,448.0
1632369630.75,445.0,448.0
1632369631.049,446.0,447.0
1632369631.352,446.0,447.0
1632369631.651,447.0,446.0
1632369631.95,447.0,446.0
1632369632.249,448.0,446.0
1632369632.548,448.0,446.0
1632369632.852,449.0,446.0
1632369633.151,450.0,446.0
1632369633.45,451.0,447.0
1632369633.749,451.0,447.0
1632369634.048,451.0,448.0
1632369634.351,451.0,448.0
1632369634.65,451.0,449.0
1632369634.949,451.0,449.0
1632369635.248,451.0,450.0
1632369635.547,451.0,450.0
1632369635.85,450.0,450.0
1632369636.149,450.0,450.0
1632369636.448,449.0,450.0
1632369636.747,449.0,450.0
1632369637.05,448.0,450.0
1632369637.349,447.0,450.0
1632369637.648,446.0,449.0
1632369637.947,446.0,449.0
1632369638.246,445.0,448.0
1632369638.55,445.0,448.0
1632369638.849,446.0,447.0
1632369639.148,446.0,447.0
1632369639.447,446.0,446.0
1632369639.746,447.0,446.0
1632369640.049,448.0,446.0
1632369640.348,448.0,446.0
1632369640.647,449.0,446.0
1632369640.946,450.0,446.0
1632369641.245,451.0,447.0
1632369641.548,451.0,447.0
1632369641.847,451.0,448.0
1632369642.146,451.0,448.0
1632369642.445,451.0,449.0
1632369642.748,451.0,449.0
1632369643.047,450.0,450.0
1632369643.346,450.0,450.0
1632369643.646,450.0,450.0
1632369643.945,449.0,450.0
1632369644.248,449.0,450.0
1632369644.547,448.0,450.0
1632369644.846,447.0,450.0
1632369645.145,447.0,449.0
1632369645.444,447.0,449.0
1632369645.747,446.0,448.0
1632369646.046,444.0,448.0
1632369646.345,445.0,447.0
1632369646.644,445.0,447.0
1632369646.943,444.0,446.0
1632369647.246,444.0,446.0
1632369647.545,444.0,445.0
1632369647.844,444.0,445.0
1632369648.143,444.0,445.0
1632369648.446,444.0,444.0
1632369648.745,444.0,444.0
1632369649.044,444.0,444.0
1632369649.344,444.0,444.0
1632369649.642,444.0,444.0
1632369649.946,444.0,444.0
1632369650.245,444.0,444.0
1632369650.544,444.0,444.0
1632369650.843,444.0,444.0
1632369651.142,444.0,444.0
1632369651.445,444.0,444.0
1632369651.744,444.0,444.0
1632369652.043,444.0,444.0
1632369652.342,444.0,444.0
1632369652.641,444.0,444.0
1632369652.944,444.0,444.0
1632369653.243,444.0,444.0
1632369653.542,444.0,444.0
1632369653.841,444.0,444.0
1632369654.144,444.0,444.0
1632369654.443,444.0,444.0
1632369654.742,444.0,444.0
1632369655.041,444.0,444.0
1632369655.34,444.0,444.0
1632369655.643,444.0,444.0
1632369655.943,444.0,444.0
1632369656.242,444.0,444.0
1632369656.541,444.0,444.0
1632369656.84,444.0,444.0
1632369657.143,444.0,444.0
1632369657.442,444.0,444.0
1632369657.741,444.0,444.0
1632369658.04,445.0,444.0
1632369658.339,444.0,444.0
1632369658.642,444.0,444.0
1632369658.941,444.0,444.0
1632369659.24,444.0,444.0
1632369659.539,444.0,444.0
1632369659.842,443.0,444.0
1632369660.141,443.0,444.0
1632369660.44,443.0,443.0
1632369660.739,442.0,443.0
1632369661.038,442.0,443.0
1632369661.341,442.0,443.0
1632369661.64,442.0,443.0
1632369661.939,443.0,442.0
1632369662.239,443.0,442.0
1632369662.538,443.0,442.0
1632369662.84,443.0,442.0
1632369663.14,443.0,442.0
1632369663.439,443.0,442.0
1632369663.738,444.0,442.0
1632369664.037,444.0,442.0
1632369664.34,445.0,443.0
1632369664.639,445.0,443.0
1632369664.938,446.0,443.0
1632369665.237,447.0,443.0
1632369665.54,448.0,444.0
1632369665.839,448.0,444.0
1632369666.138,449.0,445.0
1632369666.437,449.0,445.0
1632369666.736,450.0,446.0
1632369667.039,451.0,447.0
1632369667.338,451.0,447.0
1632369667.637,451.0,448.0
1632369667.937,451.0,449.0
1632369668.236,451.0,449.0
1632369668.539,451.0,449.0
1632369668.838,451.0,450.0
1632369669.137,451.0,450.0
1632369669.436,450.0,450.0
1632369669.735,450.0,450.0
1632369670.038,449.0,450.0
1632369670.337,448.0,450.0
1632369670.636,448.0,450.0
1632369670.935,447.0,450.0
1632369671.238,447.0,449.0
1632369671.537,446.0,449.0
1632369671.836,446.0,448.0
1632369672.135,445.0,448.0
1632369672.434,445.0,447.0
1632369672.737,445.0,447.0
1632369673.036,445.0,446.0
1632369673.335,446.0,446.0
1632369673.634,446.0,446.0
1632369673.934,447.0,445.0
1632369674.237,448.0,445.0
1632369674.536,448.0,445.0
1632369674.835,449.0,446.0
1632369675.134,450.0,446.0
1632369675.433,450.0,446.0
1632369675.736,451.0,447.0
1632369676.035,451.0,448.0
1632369676.334,451.0,448.0
1632369676.633,451.0,449.0
1632369676.936,451.0,449.0
1632369677.235,451.0,450.0
1632369677.534,451.0,450.0
1632369677.833,451.0,450.0
1632369678.132,450.0,450.0
1632369678.435,449.0,450.0
1632369678.734,449.0,450.0
1632369679.033,448.0,450.0
1632369679.332,447.0,450.0
1632369679.632,447.0,449.0
1632369679.935,446.0,449.0
1632369680.234,446.0,448.0
1632369680.533,445.0,448.0
1632369680.832,445.0,447.0
1632369681.131,445.0,447.0
1632369681.434,445.0,446.0
1632369681.733,446.0,446.0
1632369682.032,446.0,446.0
1632369682.331,447.0,445.0
1632369682.634,448.0,445.0
1632369682.933,449.0,445.0
1632369683.232,450.0,446.0
1632369683.531,451.0,446.0
1632369683.83,451.0,447.0
1632369684.133,451.0,447.0
1632369684.432,451.0,448.0
1632369684.731,451.0,449.0
1632369685.03,451.0,449.0
1632369685.329,451.0,450.0
1632369685.632,451.0,450.0
1632369685.931,450.0,450.0
1632369686.23,450.0,450.0
1632369686.53,449.0,450.0
1632369686.829,448.0,450.0
1632369687.132,448.0,450.0
1632369687.431,447.0,450.0
1632369687.73,446.0,449.0
1632369688.029,446.0,449.0
1632369688.328,445.0,448.0
1632369688.631,445.0,448.0
1632369688.93,445.0,447.0
1632369689.229,445.0,446.0
1632369689.528,445.0,446.0
1632369689.831,446.0,446.0
1632369690.13,446.0,445.0
1632369690.429,447.0,445.0
1632369690.728,448.0,445.0
1632369691.027,448.0,445.0
1632369691.33,449.0,446.0
1632369691.629,450.0,446.0
1632369691.929,450.0,446.0
1632369692.228,451.0,447.0
1632369692.527,451.0,448.0
1632369692.83,451.0,448.0
1632369693.129,451.0,449.0
1632369693.428,451.0,449.0
1632369693.727,451.0,450.0
1632369694.026,451.0,450.0
1632369694.329,451.0,450.0
1632369694.628,451.0,450.0
1632369694.927,450.0,450.0
1632369695.226,449.0,450.0
1632369695.529,449.0,450.0
1632369695.828,448.0,450.0
1632369696.127,448.0,450.0
1632369696.426,447.0,449.0
1632369696.725,446.0,449.0
1632369697.028,446.0,449.0
1632369697.327,445.0,448.0
1632369697.626,445.0,447.0
1632369697.926,445.0,447.0
1632369698.225,445.0,446.0
1632369698.528,445.0,446.0
1632369698.827,445.0,446.0
1632369699.126,445.0,445.0
1632369699.425,446.0,445.0
1632369699.724,447.0,445.0
1632369700.027,447.0,445.0
1632369700.326,448.0,445.0
1632369700.625,449.0,445.0
1632369700.924,449.0,446.0
1632369701.227,450.0,446.0
1632369701.526,451.0,447.0
1632369701.825,451.0,447.0
1632369702.124,451.0,448.0
1632369702.423,451.0,448.0
1632369702.726,451.0,449.0
1632369703.025,451.0,449.0
1632369703.324,451.0,450.0
1632369703.623,451.0,450.0
1632369703.923,451.0,450.0
1632369704.226,450.0,450.0
1632369704.525,450.0,450.0
1632369704.823,449.0,450.0
1632369705.123,449.0,450.0
1632369705.422,448.0,450.0
1632369705.725,447.0,450.0
1632369706.024,447.0,449.0
1632369706.323,446.0,449.0
1632369706.622,446.0,448.0
1632369706.925,445.0,448.0
1632369707.224,445.0,447.0
1632369707.523,445.0,447.0
1632369707.822,445.0,446.0
1632369708.121,445.0,446.0
1632369708.424,445.0,445.0
1632369708.723,446.0,445.0
1632369709.022,447.0,445.0
1632369709.321,448.0,445.0
1632369709.62,448.0,445.0
1632369709.923,449.0,445.0
1632369710.222,449.0,446.0
1632369710.521,449.0,446.0
1632369733.946,469.0,471.0
1632369733.949,468.0,470.0
1632369733.95,466.0,470.0
1632369733.952,464.0,470.0
1632369733.953,463.0,469.0
1632369733.954,461.0,468.0
1632369733.956,459.0,467.0
1632369733.957,457.0,466.0
1632369733.958,455.0,464.0
1632369735.083,479.0,0.0
1632369735.382,476.0,479.0
1632369735.681,472.0,479.0
1632369735.984,470.0,478.0
1632369736.283,467.0,477.0
1632369736.582,465.0,476.0
1632369736.881,462.0,474.0
1632369737.184,460.0,472.0
1632369737.483,458.0,470.0
1632369737.782,456.0,468.0
1632369738.081,455.0,466.0
1632369738.381,454.0,464.0
1632369738.684,453.0,461.0
1632369738.983,453.0,460.0
1632369739.282,453.0,458.0
1632369739.581,453.0,456.0
1632369739.88,453.0,455.0
1632369740.183,453.0,454.0
1632369740.511,454.0,454.0
1632369740.781,454.0,453.0
1632369741.08,454.0,453.0
1632369741.395,454.0,453.0
1632369741.682,454.0,453.0
1632369741.981,454.0,453.0
1632369742.28,454.0,453.0
1632369742.579,453.0,453.0
1632369742.882,453.0,453.0
1632369743.181,452.0,453.0
1632369743.48,451.0,453.0
1632369743.779,450.0,453.0
1632369744.091,450.0,452.0
1632369744.382,449.0,452.0
1632369744.681,448.0,452.0
1632369744.979,447.0,451.0
1632369745.307,447.0,450.0
1632369745.578,446.0,450.0
1632369745.881,446.0,449.0
1632369746.192,446.0,448.0
1632369746.479,445.0,448.0
1632369746.778,446.0,447.0
1632369747.077,446.0,447.0
1632369747.405,447.0,446.0
1632369747.679,447.0,446.0
1632369747.978,448.0,446.0
1632369748.289,448.0,446.0
1632369748.58,448.0,446.0
1632369748.879,450.0,446.0
1632369749.178,450.0,447.0
1632369749.477,451.0,447.0
1632369749.776,451.0,448.0
1632369750.079,451.0,448.0
1632369750.379,451.0,449.0
1632369750.678,451.0,449.0
1632369750.977,451.0,449.0
1632369751.276,451.0,450.0
1632369751.579,451.0,450.0
1632369751.878,450.0,450.0
1632369752.177,450.0,450.0
1632369752.476,449.0,450.0
1632369752.775,449.0,450.0
1632369753.078,448.0,450.0
1632369753.377,447.0,450.0
1632369753.676,447.0,449.0
1632369753.975,446.0,449.0
1632369754.278,446.0,448.0
1632369754.577,445.0,448.0
1632369754.876,445.0,447.0
1632369755.175,445.0,447.0
1632369755.474,445.0,446.0
1632369755.777,446.0,446.0
1632369756.076,446.0,446.0
1632369756.375,447.0,445.0
1632369756.675,448.0,445.0
1632369756.973,448.0,445.0
1632369757.277,449.0,446.0
1632369757.576,450.0,446.0
1632369757.875,450.0,446.0
1632369758.174,451.0,447.0
1632369758.473,451.0,448.0
1632369758.776,451.0,448.0
1632369759.075,451.0,449.0
1632369759.374,451.0,449.0
1632369759.673,451.0,450.0
1632369759.976,451.0,450.0
1632369760.275,451.0,450.0
1632369760.574,450.0,450.0
1632369760.873,450.0,450.0
1632369761.172,449.0,450.0
1632369761.475,449.0,450.0
1632369761.774,448.0,450.0
1632369762.073,447.0,450.0
1632369762.373,446.0,449.0
1632369762.672,446.0,449.0
1632369762.975,445.0,448.0
1632369763.274,445.0,448.0
1632369763.573,445.0,447.0
1632369763.872,445.0,447.0
1632369764.171,445.0,446.0
1632369764.474,445.0,446.0
1632369764.773,445.0,445.0
1632369765.072,446.0,445.0
1632369765.371,447.0,445.0
1632369765.674,447.0,445.0
1632369765.973,448.0,445.0
1632369766.272,449.0,445.0
1632369766.571,450.0,446.0
1632369766.87,451.0,446.0
1632369767.173,451.0,447.0
1632369767.472,451.0,447.0
1632369767.771,451.0,448.0
1632369768.07,451.0,449.0
1632369768.369,451.0,449.0
1632369768.673,451.0,450.0
1632369768.972,451.0,450.0
1632369769.271,450.0,450.0
1632369769.57,450.0,450.0
1632369769.869,450.0,450.0
1632369770.172,449.0,450.0
1632369770.471,448.0,450.0
1632369770.77,448.0,450.0
1632369771.069,447.0,449.0
1632369771.372,446.0,449.0
1632369771.671,446.0,449.0
1632369771.97,445.0,448.0
1632369772.269,445.0,447.0
1632369772.568,445.0,447.0
1632369772.871,445.0,446.0
1632369773.17,445.0,446.0
1632369773.469,445.0,446.0
1632369773.768,445.0,445.0
1632369774.067,446.0,445.0
1632369774.37,447.0,445.0
1632369774.67,448.0,445.0
1632369774.969,448.0,445.0
1632369775.268,449.0,445.0
1632369775.566,450.0,446.0
1632369775.87,450.0,446.0
1632369776.169,451.0,447.0
1632369776.468,451.0,447.0
1632369776.767,451.0,448.0
1632369777.07,451.0,449.0
1632369777.369,451.0,449.0
1632369777.668,452.0,450.0
1632369777.967,451.0,450.0
1632369778.266,451.0,450.0
1632369778.569,451.0,450.0
1632369778.868,450.0,451.0
1632369779.167,450.0,451.0
1632369779.466,449.0,450.0
1632369779.765,449.0,450.0
1632369780.068,448.0,450.0
1632369780.368,447.0,450.0
1632369780.667,447.0,449.0
1632369780.966,446.0,449.0
1632369781.265,446.0,448.0
1632369781.568,446.0,448.0
1632369781.867,446.0,447.0
1632369782.166,445.0,447.0
1632369782.465,445.0,446.0
1632369782.764,445.0,446.0
1632369783.067,446.0,446.0
1632369783.366,446.0,445.0
1632369783.665,447.0,445.0
1632369783.964,447.0,445.0
1632369784.267,448.0,445.0
1632369784.566,449.0,446.0
1632369784.865,450.0,446.0
1632369785.164,450.0,446.0
1632369785.463,451.0,447.0
1632369785.766,451.0,447.0
1632369786.065,451.0,448.0
1632369786.364,452.0,449.0
1632369786.664,451.0,449.0
1632369786.963,451.0,450.0
1632369787.266,451.0,450.0
1632369787.565,451.0,450.0
1632369787.864,451.0,450.0
1632369788.163,450.0,451.0
1632369788.462,450.0,451.0
1632369788.765,450.0,450.0
1632369789.064,449.0,450.0
1632369789.363,448.0,450.0
1632369789.662,448.0,450.0
1632369789.965,447.0,449.0
1632369790.264,446.0,449.0
1632369790.563,446.0,449.0
1632369790.862,445.0,448.0
1632369791.161,445.0,447.0
1632369791.464,445.0,447.0
1632369791.763,445.0,446.0
1632369792.062,445.0,446.0
1632369792.361,445.0,446.0
1632369792.66,445.0,445.0
1632369792.963,446.0,445.0
1632369793.263,447.0,445.0
1632369793.562,447.0,445.0
1632369793.861,448.0,445.0
1632369794.16,449.0,445.0
1632369794.463,450.0,446.0
1632369794.762,450.0,446.0
1632369795.061,451.0,447.0
1632369795.36,451.0,447.0
1632369795.663,451.0,448.0
1632369795.962,451.0,449.0
1632369796.261,451.0,449.0
1632369796.56,451.0,449.0
1632369796.859,451.0,450.0
1632369797.162,451.0,450.0
1632369797.461,451.0,450.0
1632369797.76,451.0,450.0
1632369798.059,450.0,451.0
1632369798.358,449.0,450.0
1632369798.661,449.0,450.0
1632369798.961,448.0,450.0
1632369799.26,448.0,450.0
1632369799.559,447.0,449.0
1632369799.858,447.0,449.0
1632369800.161,446.0,449.0
1632369800.46,446.0,448.0
1632369800.759,445.0,448.0
1632369801.058,445.0,447.0
1632369801.361,445.0,447.0
1632369801.66,445.0,446.0
1632369801.959,445.0,446.0
1632369802.258,446.0,445.0
1632369802.557,446.0,445.0
1632369802.86,447.0,445.0
1632369803.159,448.0,445.0
1632369803.458,448.0,445.0
1632369803.757,449.0,446.0
1632369804.056,450.0,446.0
1632369804.359,450.0,446.0
1632369804.658,451.0,447.0
1632369804.958,451.0,448.0
1632369805.257,451.0,448.0
1632369805.556,451.0,449.0
1632369805.859,451.0,449.0
1632369806.158,451.0,450.0
1632369806.457,451.0,450.0
1632369806.756,450.0,450.0
1632369807.059,450.0,450.0
1632369807.358,450.0,450.0
1632369807.657,449.0,450.0
1632369807.956,448.0,450.0
1632369808.255,448.0,450.0
1632369808.558,447.0,449.0
1632369808.857,446.0,449.0
1632369809.156,446.0,449.0
1632369809.455,445.0,448.0
1632369809.754,445.0,447.0
1632369810.057,445.0,447.0
1632369810.356,445.0,446.0
1632369810.656,445.0,446.0
1632369810.955,445.0,446.0
1632369811.254,445.0,445.0
1632369811.557,446.0,445.0
1632369811.856,447.0,445.0
1632369812.155,447.0,445.0
1632369812.454,448.0,445.0
1632369812.757,449.0,445.0
1632369813.056,450.0,446.0
1632369813.355,450.0,446.0
1632369813.654,451.0,447.0
1632369813.953,451.0,447.0
1632369814.256,451.0,448.0
1632369814.555,451.0,449.0
1632369814.854,451.0,449.0
1632369815.153,451.0,449.0
1632369815.452,451.0,450.0
1632369815.755,450.0,450.0
1632369816.054,450.0,450.0
1632369816.353,450.0,450.0
1632369816.652,449.0,450.0
1632369816.952,451.0,450.0
1632369817.254,448.0,450.0
1632369817.554,447.0,450.0
1632369817.853,447.0,449.0
1632369818.152,446.0,449.0
1632369818.455,446.0,448.0
1632369818.754,445.0,448.0
1632369819.053,445.0,447.0
1632369819.352,445.0,447.0
1632369819.651,445.0,446.0
1632369819.954,445.0,446.0
1632369820.253,445.0,445.0
1632369820.552,446.0,445.0
1632369820.851,446.0,445.0
1632369821.15,447.0,445.0
1632369821.453,448.0,445.0
1632369821.752,448.0,445.0
1632369822.051,449.0,446.0
1632369822.35,450.0,446.0
1632369822.649,450.0,446.0
1632369822.952,451.0,447.0
1632369823.252,451.0,448.0
1632369823.551,451.0,448.0
1632369823.85,451.0,449.0
1632369824.153,451.0,449.0
1632369824.452,451.0,450.0
1632369824.751,451.0,450.0
1632369825.05,451.0,450.0
1632369825.349,450.0,450.0
1632369825.652,450.0,450.0
1632369825.951,450.0,450.0
1632369826.25,449.0,450.0
1632369826.549,448.0,450.0
1632369826.848,448.0,450.0
1632369827.151,447.0,449.0
1632369827.45,447.0,449.0
1632369827.749,446.0,449.0
1632369828.048,446.0,448.0
1632369828.347,445.0,448.0
1632369828.65,445.0,447.0
1632369828.949,445.0,447.0
1632369829.248,445.0,446.0
1632369829.548,445.0,446.0
1632369829.851,445.0,445.0
1632369830.15,445.0,445.0
1632369830.449,446.0,445.0
1632369830.748,447.0,445.0
1632369831.047,447.0,445.0
1632369831.35,448.0,445.0
1632369831.649,449.0,445.0
1632369831.948,449.0,446.0
1632369832.247,450.0,446.0
1632369832.546,450.0,447.0
1632369832.849,451.0,447.0
1632369833.148,450.0,448.0
1632369833.447,451.0,448.0
1632369833.746,451.0,449.0
1632369834.045,451.0,449.0
1632369834.348,450.0,450.0
1632369834.647,450.0,450.0
1632369834.946,450.0,450.0
1632369835.246,449.0,450.0
1632369835.549,449.0,450.0
1632369835.848,448.0,450.0
1632369836.147,448.0,449.0
1632369836.446,447.0,449.0
1632369836.745,446.0,449.0
1632369837.048,446.0,448.0
1632369837.347,445.0,448.0
1632369837.646,445.0,447.0
1632369837.945,445.0,447.0
1632369838.244,444.0,446.0
1632369838.547,445.0,446.0
1632369838.846,445.0,445.0
1632369839.145,446.0,445.0
1632369839.444,446.0,445.0
1632369839.743,447.0,445.0
1632369840.046,448.0,445.0
1632369840.345,449.0,445.0
1632369840.645,449.0,446.0
1632369840.944,450.0,446.0
1632369841.242,450.0,446.0
1632369841.546,451.0,447.0
1632369841.845,451.0,448.0
1632369842.144,451.0,448.0
1632369842.443,451.0,449.0
1632369842.746,451.0,449.0
1632369843.045,451.0,450.0
1632369843.344,450.0,450.0
1632369843.643,450.0,450.0
1632369843.942,450.0,450.0
1632369844.245,449.0,450.0
1632369844.544,449.0,450.0
1632369844.843,448.0,450.0
1632369845.142,447.0,450.0
1632369845.441,446.0,449.0
1632369845.744,446.0,449.0
1632369846.043,445.0,448.0
1632369846.342,445.0,448.0
1632369846.641,445.0,447.0
1632369846.94,445.0,447.0
1632369847.243,444.0,446.0
1632369847.542,444.0,446.0
1632369847.842,445.0,445.0
1632369848.141,445.0,445.0
1632369848.444,446.0,445.0
1632369848.743,446.0,445.0
1632369849.042,447.0,445.0
1632369849.341,448.0,445.0
1632369849.64,448.0,445.0
1632369849.943,449.0,445.0
1632369850.242,450.0,446.0
1632369850.541,450.0,446.0
1632369850.84,450.0,447.0
1632369851.139,451.0,447.0
1632369851.442,450.0,448.0
1632369851.741,450.0,448.0
1632369852.04,450.0,449.0
1632369852.339,450.0,449.0
1632369852.638,450.0,449.0
1632369852.941,450.0,450.0
1632369853.241,449.0,450.0
1632369853.539,449.0,450.0
1632369853.839,448.0,449.0
1632369854.142,448.0,449.0
1632369854.441,447.0,449.0
1632369854.74,446.0,449.0
1632369855.039,446.0,448.0
1632369855.338,445.0,448.0
1632369855.641,445.0,447.0
1632369855.94,445.0,447.0
1632369856.239,445.0,446.0
1632369856.538,444.0,446.0
1632369856.837,445.0,445.0
1632369857.14,445.0,445.0
1632369857.439,446.0,445.0
1632369857.738,447.0,445.0
1632369858.037,448.0,445.0
1632369858.336,448.0,445.0
1632369858.639,449.0,445.0
1632369858.939,450.0,446.0
1632369859.238,451.0,446.0
1632369859.537,451.0,447.0
1632369859.84,451.0,448.0
1632369860.138,451.0,448.0
1632369860.438,451.0,449.0
1632369860.737,451.0,449.0
1632369861.036,450.0,450.0
1632369861.339,450.0,450.0
1632369917.877,450.0,449.0
1632369917.878,449.0,449.0
1632369917.879,449.0,449.0
1632369917.88,448.0,449.0
1632369917.881,447.0,449.0
1632369917.883,450.0,446.0
1632369917.883,450.0,447.0
1632369917.885,450.0,448.0
1632369917.887,450.0,448.0
1632369917.889,450.0,449.0
1632369917.89,449.0,449.0
1632369917.891,449.0,449.0
1632369917.892,448.0,449.0
1632369917.893,447.0,449.0
1632369917.896,450.0,446.0
1632369917.897,450.0,447.0
1632369917.899,450.0,448.0
1632369917.9,450.0,448.0
1632369917.902,450.0,449.0
1632369917.903,449.0,449.0
1632369917.904,449.0,449.0
1632369917.905,448.0,449.0
1632369917.907,447.0,449.0
1632369919.015,471.0,0.0
1632369919.318,469.0,482.0
1632369919.617,466.0,481.0
1632369919.916,465.0,479.0
1632369920.219,464.0,477.0
1632369920.518,463.0,475.0
1632369920.817,462.0,473.0
1632369921.116,462.0,470.0
1632369921.415,461.0,468.0
1632369921.718,461.0,466.0
1632369922.017,460.0,464.0
1632369922.316,459.0,463.0
1632369922.615,459.0,462.0
1632369922.914,458.0,461.0
1632369923.218,457.0,460.0
1632369923.517,456.0,460.0
1632369923.816,455.0,459.0
1632369924.115,454.0,458.0
1632369924.442,454.0,458.0
1632369924.717,453.0,457.0
1632369925.016,451.0,456.0
1632369925.315,450.0,455.0
1632369925.614,449.0,454.0
1632369925.917,448.0,453.0
1632369926.216,448.0,452.0
1632369926.515,447.0,451.0
1632369926.814,447.0,450.0
1632369927.113,447.0,450.0
1632369927.416,447.0,449.0
1632369927.715,447.0,448.0
1632369928.014,448.0,448.0
1632369928.313,449.0,447.0
1632369928.612,449.0,447.0
1632369928.915,450.0,447.0
1632369929.215,450.0,447.0
1632369929.514,451.0,448.0
1632369929.812,451.0,448.0
1632369930.112,452.0,448.0
1632369930.415,452.0,449.0
1632369930.714,452.0,449.0
1632369931.013,452.0,450.0
1632369931.312,452.0,450.0
1632369931.615,451.0,451.0
1632369931.914,451.0,451.0
1632369932.213,450.0,451.0
1632369932.512,450.0,451.0
1632369932.811,449.0,451.0
1632369933.114,448.0,451.0
1632369933.413,448.0,450.0
1632369933.712,447.0,450.0
1632369934.011,446.0,449.0
1632369934.31,446.0,449.0
1632369934.613,446.0,448.0
1632369934.912,445.0,448.0
1632369935.212,445.0,447.0
1632369935.51,445.0,447.0
1632369935.81,445.0,446.0
1632369936.113,446.0,446.0
1632369936.412,446.0,445.0
1632369936.711,447.0,445.0
1632369937.01,448.0,445.0
1632369937.313,448.0,445.0
1632369937.612,449.0,446.0
1632369937.911,450.0,446.0
1632369938.21,450.0,446.0
1632369938.509,450.0,447.0
1632369938.812,451.0,447.0
1632369939.111,451.0,448.0
1632369939.41,451.0,449.0
1632369939.709,451.0,449.0
1632369940.008,451.0,449.0
1632369940.311,450.0,450.0
1632369940.61,450.0,450.0
1632369940.909,450.0,450.0
1632369941.209,449.0,450.0
1632369941.508,449.0,450.0
1632369941.811,448.0,450.0
1632369942.11,448.0,450.0
1632369942.409,447.0,449.0
1632369942.708,446.0,449.0
1632369943.007,446.0,448.0
1632369943.31,445.0,448.0
1632369943.609,445.0,447.0
1632369943.908,445.0,447.0
1632369944.207,445.0,446.0
1632369944.51,445.0,446.0
1632369944.809,446.0,446.0
1632369945.108,446.0,445.0
1632369945.407,447.0,445.0
1632369945.706,448.0,445.0
1632369946.009,448.0,445.0
1632369946.308,449.0,446.0
1632369946.607,450.0,446.0
1632369946.906,450.0,446.0
1632369947.205,451.0,447.0
1632369947.509,451.0,448.0
1632369947.808,451.0,448.0
1632369948.107,451.0,449.0
1632369948.406,451.0,449.0
1632369948.705,451.0,450.0
1632369949.008,451.0,450.0
1632369949.307,450.0,450.0
1632369949.606,450.0,450.0
1632369949.905,449.0,450.0
1632369950.208,449.0,450.0
1632369950.507,448.0,450.0
1632369950.806,447.0,450.0
1632369951.105,447.0,449.0
1632369951.404,446.0,449.0
1632369951.707,445.0,448.0
1632369952.006,445.0,448.0
1632369952.305,445.0,447.0
1632369952.604,445.0,447.0
1632369952.903,445.0,446.0
1632369953.206,445.0,446.0
1632369953.506,446.0,445.0
1632369953.805,447.0,445.0
1632369954.104,447.0,445.0
1632369954.403,448.0,445.0
1632369954.706,449.0,445.0
1632369955.005,450.0,446.0
1632369955.304,450.0,446.0
1632369955.603,451.0,447.0
1632369955.906,451.0,447.0
1632369956.205,451.0,448.0
1632369956.504,451.0,449.0
1632369956.803,451.0,449.0
1632369957.102,451.0,449.0
1632369957.405,450.0,450.0
1632369957.704,450.0,450.0
1632369958.003,450.0,450.0
1632369958.302,449.0,450.0
1632369958.601,449.0,450.0
1632369958.904,448.0,450.0
1632369959.203,447.0,450.0
1632369959.503,446.0,449.0
1632369959.802,446.0,449.0
1632369960.101,445.0,448.0
1632369960.404,445.0,448.0
1632369960.727,445.0,447.0
1632369961.002,445.0,447.0
1632369961.301,444.0,446.0
1632369961.604,445.0,446.0
1632369961.903,445.0,445.0
1632369962.202,446.0,445.0
1632369962.501,447.0,445.0
1632369962.8,447.0,445.0
1632369963.103,448.0,445.0
1632369963.402,448.0,445.0
1632369963.701,450.0,446.0
1632369964.0,450.0,446.0
1632369964.299,451.0,447.0
1632369964.602,451.0,447.0
1632369964.901,451.0,448.0
1632369965.2,451.0,448.0
1632369965.5,451.0,449.0
1632369965.799,450.0,449.0
1632369966.102,450.0,450.0
1632369966.401,449.0,450.0
1632369966.7,449.0,450.0
1632369966.999,448.0,450.0
1632369967.302,448.0,450.0
1632369967.601,447.0,449.0
1632369967.9,446.0,449.0
1632369968.199,445.0,448.0
1632369968.498,445.0,448.0
1632369968.801,444.0,447.0
1632369969.1,444.0,447.0
1632369969.399,444.0,446.0
1632369969.739,445.0,446.0
1632369969.997,445.0,445.0
1632369970.3,446.0,445.0
1632369970.599,447.0,445.0
1632369970.898,448.0,445.0
1632369971.197,449.0,445.0
1632369971.497,449.0,445.0
1632369971.799,450.0,446.0
1632369972.099,451.0,446.0
1632369972.398,451.0,447.0
1632369972.697,450.0,448.0
1632369973.0,451.0,448.0
1632369973.299,450.0,449.0
1632369973.598,450.0,449.0
1632369973.897,450.0,449.0
1632369974.196,449.0,450.0
1632369974.499,448.0,450.0
1632369974.798,448.0,450.0
1632369975.097,447.0,449.0
1632369975.396,446.0,449.0
1632369975.695,445.0,448.0
1632369975.998,445.0,448.0
1632369976.297,445.0,447.0
1632369976.596,445.0,447.0
1632369976.895,444.0,446.0
1632369977.194,445.0,446.0
1632369977.497,445.0,445.0
1632369977.797,446.0,445.0
1632369978.096,447.0,445.0
1632369978.395,448.0,445.0
1632369978.698,448.0,445.0
1632369978.997,449.0,445.0
1632369979.296,450.0,446.0
1632369979.595,450.0,446.0
1632369979.894,451.0,447.0
1632369980.197,451.0,447.0
1632369980.496,451.0,448.0
1632369980.795,451.0,449.0
1632369981.094,450.0,449.0
1632369981.393,450.0,449.0
1632369981.696,449.0,450.0
1632369981.995,449.0,450.0
1632369982.294,448.0,450.0
1632369982.593,447.0,450.0
1632369982.892,447.0,449.0
1632369983.195,446.0,449.0
1632369983.494,445.0,448.0
1632369983.794,445.0,448.0
1632369984.093,445.0,447.0
1632369984.396,444.0,447.0
1632369984.695,444.0,446.0
1632369984.994,445.0,446.0
1632369985.293,446.0,445.0
1632369985.592,447.0,445.0
1632369985.895,448.0,445.0
1632369986.194,449.0,445.0
1632369986.493,449.0,445.0
1632369986.792,450.0,446.0
1632369987.091,451.0,446.0
1632369987.394,451.0,447.0
1632369987.693,451.0,448.0
1632369987.992,451.0,448.0
1632369988.291,451.0,449.0
1632369988.59,451.0,449.0
1632369988.893,450.0,450.0
1632369989.192,450.0,450.0
1632369989.492,450.0,450.0
1632369989.791,448.0,450.0
1632369990.094,448.0,450.0
1632369990.393,447.0,450.0
1632369990.692,447.0,449.0
1632369990.991,446.0,449.0
1632369991.29,445.0,448.0
1632369991.593,445.0,448.0
1632369991.892,445.0,447.0
1632369992.191,445.0,447.0
1632369992.49,445.0,446.0
1632369992.789,445.0,446.0
1632369993.092,446.0,445.0
1632369993.391,447.0,445.0
1632369993.69,448.0,445.0
1632369993.989,449.0,445.0
1632369994.288,450.0,446.0
1632369994.591,450.0,446.0
1632369994.89,451.0,447.0
1632369995.189,451.0,447.0
1632369995.489,451.0,448.0
1632369995.792,451.0,448.0
1632369996.091,451.0,449.0
1632369996.39,451.0,449.0
1632369996.689,451.0,450.0
1632369996.988,450.0,450.0
1632369997.291,450.0,450.0
1632369997.59,449.0,450.0
1632369997.889,449.0,450.0
1632369998.188,448.0,450.0
1632369998.487,447.0,450.0
1632369998.79,446.0,449.0
1632369999.089,446.0,449.0
1632369999.388,445.0,448.0
1632369999.687,445.0,448.0
1632369999.986,445.0,447.0
1632370000.289,445.0,447.0
1632370000.588,445.0,446.0
1632370000.887,445.0,446.0
1632370001.187,446.0,445.0
1632370001.489,447.0,445.0
1632370001.788,447.0,445.0
1632370002.088,448.0,445.0
1632370002.387,449.0,445.0
1632370002.686,450.0,446.0
1632370002.989,450.0,446.0
1632370003.288,451.0,447.0
1632370003.587,451.0,447.0
1632370003.886,451.0,448.0
1632370004.185,451.0,449.0
1632370004.488,451.0,449.0
1632370004.787,451.0,449.0
1632370005.086,450.0,450.0
1632370005.385,450.0,450.0
1632370005.684,450.0,450.0
1632370005.987,449.0,450.0
1632370006.286,449.0,450.0
1632370006.585,448.0,450.0
1632370006.884,447.0,450.0
1632370007.187,447.0,449.0
1632370007.486,446.0,449.0
1632370007.786,446.0,448.0
1632370008.084,445.0,448.0
1632370008.384,445.0,447.0
1632370008.687,445.0,447.0
1632370008.986,445.0,446.0
1632370009.285,445.0,446.0
1632370009.584,445.0,445.0
1632370009.883,445.0,445.0
1632370010.186,446.0,445.0
1632370010.485,446.0,445.0
1632370010.784,447.0,445.0
1632370011.083,448.0,445.0
1632370011.382,448.0,445.0
1632370011.685,449.0,446.0
1632370011.984,450.0,446.0
1632370012.283,450.0,446.0
1632370012.582,450.0,447.0
1632370012.885,451.0,447.0
1632370013.184,450.0,448.0
1632370013.484,451.0,448.0
1632370013.783,451.0,449.0
1632370014.082,450.0,449.0
1632370014.385,450.0,450.0
1632370014.684,450.0,450.0
1632370014.983,449.0,450.0
1632370015.282,449.0,450.0
1632370015.581,448.0,450.0
1632370015.884,448.0,449.0
1632370016.183,447.0,449.0
1632370016.482,447.0,449.0
1632370016.781,446.0,448.0
1632370017.08,445.0,448.0
1632370017.383,445.0,447.0
1632370017.682,445.0,447.0
1632370017.981,444.0,446.0
1632370018.28,444.0,446.0
1632370018.583,444.0,445.0
1632370018.882,444.0,445.0
1632370019.181,445.0,445.0
1632370019.481,446.0,444.0
1632370019.78,446.0,444.0
1632370020.083,447.0,444.0
1632370020.382,447.0,445.0
1632370020.681,448.0,445.0
1632370020.98,449.0,445.0
1632370021.279,449.0,446.0
1632370021.582,450.0,446.0
1632370021.881,450.0,447.0
1632370022.18,450.0,447.0
1632370022.479,450.0,448.0
1632370022.778,450.0,448.0
1632370023.081,450.0,449.0
1632370023.38,450.0,449.0
1632370023.679,450.0,449.0
1632370023.978,450.0,449.0
1632370024.281,449.0,449.0
1632370024.58,449.0,449.0
1632370024.879,448.0,449.0
1632370025.178,448.0,449.0
1632370025.478,447.0,449.0
1632370025.78,446.0,449.0
1632370026.08,446.0,448.0
1632370026.379,445.0,448.0
1632370026.678,444.0,447.0
1632370026.977,445.0,447.0
1632370027.28,444.0,446.0
1632370027.579,444.0,446.0
1632370027.878,444.0,445.0
1632370028.177,444.0,445.0
1632370028.476,445.0,444.0
1632370028.779,445.0,444.0
1632370029.078,446.0,444.0
1632370029.377,447.0,444.0
1632370029.676,447.0,444.0
1632370029.979,448.0,445.0
1632370030.278,449.0,445.0
1632370030.577,449.0,445.0
1632370030.876,450.0,446.0
1632370031.175,450.0,447.0
1632370031.478,450.0,447.0
1632370031.778,450.0,448.0
1632370032.076,450.0,448.0
1632370032.376,450.0,449.0
1632370032.675,450.0,449.0
1632370032.978,450.0,449.0
1632370033.277,449.0,449.0
1632370033.576,449.0,449.0
1632370033.875,448.0,449.0
1632370034.174,448.0,449.0
1632370034.477,447.0,449.0
1632370034.776,446.0,449.0
1632370035.075,446.0,448.0
1632370035.374,445.0,448.0
1632370035.677,445.0,447.0
1632370035.976,445.0,447.0
1632370036.275,444.0,446.0
1632370036.574,444.0,446.0
1632370036.873,444.0,445.0
1632370037.176,444.0,445.0
1632370037.475,445.0,445.0
1632370037.775,446.0,444.0
1632370038.074,447.0,444.0
1632370038.372,447.0,444.0
1632370038.676,448.0,445.0
1632370038.975,449.0,445.0
1632370039.274,449.0,445.0
1632370039.573,450.0,446.0
1632370039.872,450.0,446.0
1632370040.175,450.0,447.0
1632370040.474,450.0,448.0
1632370040.773,450.0,448.0
1632370041.072,450.0,449.0
1632370041.371,450.0,449.0
1632370041.674,450.0,449.0
1632370041.973,449.0,449.0
1632370042.272,448.0,449.0
1632370042.571,448.0,449.0
1632370042.874,447.0,449.0
1632370043.173,446.0,449.0
1632370043.472,446.0,448.0
1632370043.772,445.0,448.0
1632370044.07,445.0,447.0
1632370044.373,445.0,447.0
1632370044.673,445.0,446.0
1632370044.972,444.0,446.0
1632370045.271,444.0,445.0
1632370045.57,445.0,445.0
1632370045.873,446.0,445.0
1632370046.172,446.0,445.0
1632370046.471,447.0,445.0
1632370046.77,448.0,445.0
1632370047.069,449.0,445.0
1632370047.372,450.0,445.0
1632370047.671,450.0,446.0
1632370047.97,451.0,446.0
1632370048.269,451.0,447.0
1632370048.572,451.0,448.0
1632370048.871,451.0,448.0
1632370049.17,451.0,449.0
1632370049.47,451.0,449.0
1632370049.769,450.0,450.0
1632370050.072,450.0,450.0
1632370050.371,449.0,450.0
1632370050.67,449.0,450.0
1632370050.969,448.0,450.0
1632370051.268,447.0,450.0
1632370051.571,446.0,449.0
1632370051.87,446.0,449.0
1632370052.169,445.0,448.0
1632370052.468,445.0,448.0
1632370052.767,445.0,447.0
1632370053.07,445.0,447.0
1632370053.369,445.0,446.0
1632370053.668,445.0,446.0
1632370053.967,446.0,445.0
1632370054.27,447.0,445.0
1632370054.569,447.0,445.0
1632370054.868,448.0,445.0
1632370055.167,449.0,445.0
1632370055.466,450.0,446.0
1632370055.769,450.0,446.0
1632370056.069,451.0,447.0
1632370056.368,451.0,447.0
1632370056.667,451.0,448.0
1632370056.966,451.0,449.0
1632370057.269,451.0,449.0
1632370057.568,451.0,449.0
1632370057.867,450.0,450.0
1632370058.166,450.0,450.0
1632370058.465,450.0,450.0
1632370058.768,449.0,450.0
1632370059.067,449.0,450.0
1632370059.366,448.0,450.0
1632370059.665,447.0,450.0
1632370059.968,446.0,449.0
1632370060.267,446.0,449.0
1632370060.566,445.0,448.0
1632370060.865,445.0,448.0
1632370061.164,445.0,447.0
1632370061.467,445.0,447.0
1632370061.766,445.0,446.0
1632370062.066,445.0,446.0
1632370062.365,446.0,445.0
1632370062.664,447.0,445.0
1632370062.967,447.0,445.0
1632370063.266,448.0,445.0
1632370063.565,449.0,445.0
1632370063.864,450.0,446.0
1632370064.163,450.0,446.0
1632370064.466,451.0,447.0
1632370064.765,451.0,447.0
1632370065.064,451.0,448.0
1632370065.363,451.0,449.0
1632370065.666,451.0,449.0
1632370065.965,451.0,449.0
1632370066.264,450.0,450.0
1632370066.563,450.0,450.0
1632370066.862,450.0,450.0
1632370067.165,449.0,450.0
1632370067.464,448.0,450.0
1632370067.763,448.0,450.0
1632370068.063,447.0,449.0
1632370068.362,446.0,449.0
1632370068.664,446.0,449.0
1632370068.963,445.0,448.0
1632370069.263,445.0,447.0
1632370069.562,445.0,447.0
1632370069.861,445.0,446.0
1632370070.164,445.0,446.0
1632370070.463,446.0,446.0
1632370070.762,446.0,445.0
1632370071.061,447.0,445.0
1632370071.364,448.0,445.0
1632370071.663,449.0,445.0
1632370071.962,449.0,446.0
1632370072.261,450.0,446.0
1632370072.56,449.0,447.0
1632370072.863,450.0,447.0
1632370073.162,450.0,447.0
1632370073.461,450.0,448.0
1632370073.761,450.0,448.0
1632370074.06,450.0,449.0
1632370074.363,449.0,449.0
1632370074.662,449.0,449.0
1632370074.961,448.0,449.0
1632370075.26,448.0,449.0
1632370075.559,447.0,449.0
1632370075.862,446.0,449.0
1632370076.161,446.0,448.0
1632370076.46,445.0,448.0
1632370076.759,445.0,447.0
1632370077.062,444.0,447.0
1632370077.361,444.0,446.0
1632370077.66,444.0,446.0
1632370077.959,444.0,445.0
1632370078.258,445.0,445.0
1632370078.561,445.0,445.0
1632370078.86,446.0,444.0
1632370079.159,447.0,444.0
1632370079.458,447.0,444.0
1632370079.757,448.0,445.0
1632370080.061,449.0,445.0
1632370080.36,450.0,445.0
1632370080.659,450.0,446.0
1632370080.958,450.0,447.0
1632370081.257,450.0,447.0
1632370081.56,450.0,448.0
1632370081.859,450.0,448.0
1632370082.158,450.0,449.0
1632370082.457,449.0,449.0
1632370082.76,449.0,449.0
1632370083.059,448.0,449.0
1632370083.358,448.0,449.0
1632370083.657,447.0,449.0
1632370083.956,446.0,449.0
1632370084.259,445.0,448.0
1632370084.558,445.0,448.0
1632370084.857,445.0,447.0
1632370085.156,444.0,447.0
1632370085.455,444.0,446.0
1632370085.758,444.0,446.0
1632370086.058,444.0,445.0
1632370086.357,445.0,445.0
1632370086.656,446.0,444.0
1632370086.955,446.0,444.0
1632370087.258,447.0,444.0
1632370087.557,448.0,445.0
1632370087.856,448.0,445.0
1632370088.155,449.0,445.0
1632370088.458,450.0,446.0
1632370088.757,450.0,446.0
1632370089.056,450.0,447.0
1632370089.355,450.0,447.0
1632370089.654,450.0,448.0
1632370089.957,450.0,448.0
1632370090.256,449.0,449.0
1632370090.555,449.0,449.0
1632370090.854,448.0,449.0
1632370091.153,447.0,449.0
1632370091.456,447.0,449.0
1632370091.756,446.0,449.0
1632370092.055,445.0,448.0
1632370092.354,445.0,448.0
1632370092.653,445.0,447.0
1632370092.956,444.0,447.0
1632370093.255,444.0,446.0
1632370093.554,444.0,446.0
1632370093.853,444.0,445.0
1632370094.156,445.0,445.0
1632370094.455,446.0,444.0
1632370094.754,446.0,444.0
1632370095.053,447.0,444.0
1632370095.352,448.0,445.0
1632370095.655,448.0,445.0
1632370095.954,449.0,445.0
1632370096.253,450.0,446.0
1632370096.552,450.0,446.0
1632370096.851,450.0,447.0
1632370097.154,450.0,447.0
1632370097.453,450.0,448.0
1632370097.752,450.0,448.0
1632370098.052,450.0,449.0
1632370098.351,449.0,449.0
1632370098.654,449.0,449.0
1632370098.953,448.0,449.0
1632370099.252,448.0,449.0
1632370099.551,447.0,449.0
1632370099.854,447.0,449.0
1632370100.153,446.0,448.0
1632370100.452,445.0,448.0
1632370100.751,445.0,447.0
1632370101.05,444.0,447.0
1632370101.353,444.0,446.0
1632370101.652,444.0,446.0
1632370101.951,444.0,445.0
1632370102.25,444.0,445.0
1632370102.549,445.0,445.0
1632370102.852,446.0,444.0
1632370103.151,446.0,444.0
1632370103.45,447.0,444.0
1632370103.749,448.0,444.0
1632370104.049,449.0,445.0
1632370104.352,449.0,445.0
1632370104.651,450.0,446.0
1632370104.95,450.0,446.0
1632370105.249,450.0,447.0
1632370105.552,450.0,448.0
1632370105.851,450.0,448.0
1632370106.15,450.0,448.0
1632370106.449,449.0,449.0
1632370106.748,449.0,449.0
1632370107.051,449.0,449.0
1632370107.35,448.0,449.0
1632370107.649,448.0,449.0
1632370107.948,447.0,449.0
1632370108.247,447.0,449.0
1632370108.55,446.0,448.0
1632370108.849,445.0,448.0
1632370109.148,445.0,447.0
1632370109.447,444.0,447.0
1632370109.746,444.0,446.0
1632370110.049,444.0,446.0
1632370110.349,443.0,445.0
1632370110.648,444.0,445.0
1632370110.947,444.0,444.0
1632370111.25,445.0,444.0
1632370111.549,446.0,444.0
1632370111.848,447.0,444.0
1632370112.147,447.0,444.0
1632370112.446,448.0,444.0
1632370112.749,448.0,445.0
1632370113.048,449.0,445.0
1632370113.347,450.0,446.0
1632370113.646,450.0,446.0
1632370113.945,450.0,447.0
1632370114.248,450.0,448.0
1632370114.547,450.0,448.0
1632370114.846,450.0,448.0
1632370115.145,450.0,449.0
1632370115.444,450.0,449.0
1632370115.747,449.0,449.0
1632370116.047,449.0,449.0
1632370116.345,448.0,449.0
1632370116.645,448.0,449.0
1632370116.948,447.0,449.0
1632370117.246,447.0,449.0
1632370117.546,446.0,448.0
1632370117.845,445.0,448.0
1632370118.144,445.0,447.0
1632370118.447,445.0,447.0
1632370118.746,444.0,446.0
1632370119.045,444.0,446.0
1632370119.344,443.0,445.0
1632370119.643,444.0,445.0
1632370119.946,444.0,445.0
1632370120.245,445.0,444.0
1632370120.544,445.0,444.0
1632370120.843,446.0,444.0
1632370121.142,446.0,444.0
1632370121.445,447.0,444.0
1632370121.744,447.0,444.0
1632370122.044,448.0,445.0
1632370122.343,449.0,445.0
1632370122.646,449.0,446.0
1632370122.945,450.0,446.0
1632370123.244,450.0,447.0
1632370123.543,450.0,447.0
1632370123.842,450.0,448.0
1632370124.145,450.0,448.0
1632370124.444,450.0,449.0
1632370124.743,450.0,449.0
1632370125.042,449.0,449.0
1632370125.341,449.0,449.0
1632370125.644,449.0,449.0
1632370125.943,449.0,449.0
1632370126.242,448.0,449.0
1632370126.541,448.0,449.0
1632370126.84,447.0,449.0
1632370127.143,447.0,448.0
1632370127.442,446.0,448.0
1632370127.741,445.0,448.0
1632370128.04,445.0,447.0
1632370128.343,445.0,447.0
1632370128.643,444.0,446.0
1632370128.942,444.0,446.0
1632370129.241,444.0,445.0
1632370129.54,444.0,445.0
1632370129.843,444.0,445.0
1632370130.142,445.0,444.0
1632370130.441,446.0,444.0
1632370130.74,446.0,444.0
1632370131.039,447.0,444.0
1632370131.342,447.0,444.0
1632370131.641,448.0,445.0
1632370131.94,448.0,445.0
1632370132.239,449.0,445.0
1632370132.538,449.0,446.0
1632370132.841,450.0,446.0
1632370133.14,450.0,447.0
1632370133.439,450.0,448.0
1632370133.738,450.0,448.0
1632370134.041,450.0,448.0
1632370134.34,450.0,449.0
1632370134.64,450.0,449.0
1632370134.939,450.0,449.0
1632370135.238,450.0,449.0
1632370135.541,449.0,449.0
1632370135.84,449.0,449.0
1632370136.139,449.0,449.0
1632370136.438,448.0,449.0
1632370136.737,448.0,449.0
1632370137.04,447.0,449.0
1632370137.339,446.0,449.0
1632370137.638,446.0,448.0
1632370137.937,445.0,448.0
1632370138.236,445.0,447.0
1632370138.539,445.0,447.0
1632370138.838,444.0,446.0
1632370139.137,444.0,446.0
1632370139.436,444.0,445.0
1632370139.739,444.0,445.0
1632370140.039,445.0,445.0
1632370140.338,445.0,444.0
1632370140.637,446.0,444.0
1632370140.936,447.0,444.0
1632370141.239,447.0,444.0
1632370141.538,448.0,445.0
1632370141.837,449.0,445.0
1632370142.136,449.0,445.0
1632370142.435,450.0,446.0
1632370142.738,450.0,447.0
1632370143.037,450.0,447.0
1632370143.336,450.0,448.0
1632370143.635,450.0,448.0
1632370143.934,450.0,449.0
1632370144.237,450.0,449.0
1632370144.536,450.0,449.0
1632370144.835,449.0,449.0
1632370145.134,449.0,449.0
1632370145.437,448.0,449.0
1632370145.736,448.0,449.0
1632370146.035,447.0,449.0
1632370146.335,446.0,449.0
1632370146.634,445.0,448.0
1632370146.937,445.0,448.0
1632370147.235,445.0,447.0
1632370147.535,445.0,447.0
1632370147.834,444.0,446.0
1632370148.133,444.0,446.0
1632370148.436,444.0,445.0
1632370148.735,444.0,445.0
1632370149.034,445.0,444.0
1632370149.333,446.0,444.0
1632370149.632,447.0,444.0
1632370149.935,447.0,444.0
1632370150.234,448.0,445.0
1632370150.533,449.0,445.0
1632370150.832,450.0,445.0
1632370151.135,450.0,446.0
1632370151.434,450.0,447.0
1632370151.733,450.0,447.0
1632370152.032,450.0,448.0
1632370152.331,450.0,448.0
1632370152.635,450.0,449.0
1632370152.934,450.0,449.0
1632370153.233,449.0,449.0
1632370153.532,449.0,449.0
1632370153.831,448.0,449.0
1632370154.134,447.0,449.0
1632370154.433,447.0,449.0
1632370154.732,446.0,449.0
1632370155.031,445.0,448.0
1632370155.33,445.0,448.0
1632370155.633,444.0,447.0
1632370155.932,444.0,447.0
1632370156.231,444.0,446.0
1632370156.53,444.0,445.0
1632370156.833,445.0,445.0
1632370157.132,445.0,445.0
1632370157.431,446.0,444.0
1632370157.73,447.0,444.0
