1632368915.55,1.346,1.341
1632368915.849,1.35,1.341
1632368916.152,1.354,1.342
1632368916.451,1.356,1.342
1632368916.75,1.36,1.344
1632368917.049,1.364,1.346
1632368917.352,1.368,1.35
1632368917.651,1.372,1.352
1632368917.95,1.376,1.356
1632368918.249,1.382,1.36
1632368918.548,1.384,1.364
1632368918.851,1.386,1.368
1632368919.15,1.39,1.372
1632368919.449,1.392,1.374
1632368919.748,1.394,1.378
1632368920.047,1.396,1.382
1632368920.35,1.396,1.384
1632368920.678,1.394,1.388
1632368920.949,1.394,1.39
1632368921.248,1.394,1.392
1632368921.563,1.394,1.392
1632368921.85,1.392,1.394
1632368922.149,1.39,1.394
1632368922.448,1.388,1.394
1632368922.776,1.388,1.394
1632368923.05,1.388,1.394
1632368923.349,1.388,1.392
1632368923.66,1.388,1.392
1632368923.947,1.39,1.392
1632368924.246,1.388,1.39
1632368924.549,1.39,1.39
1632368924.877,1.392,1.39
1632368925.147,1.394,1.39
1632368925.446,1.394,1.39
1632368925.758,1.398,1.39
1632368926.049,1.4,1.392
1632368926.347,1.402,1.394
1632368926.647,1.402,1.394
1632368926.974,1.404,1.396
1632368927.245,1.406,1.398
1632368927.548,1.406,1.4
1632368927.859,1.406,1.4
1632368928.146,1.406,1.402
1632368928.445,1.404,1.404
1632368928.748,1.402,1.404
1632368929.072,1.4,1.404
1632368929.346,1.4,1.404
1632368929.645,1.396,1.404
1632368929.956,1.394,1.404
1632368930.247,1.394,1.402
1632368930.546,1.392,1.402
1632368930.845,1.39,1.4
1632368931.173,1.39,1.398
1632368931.443,1.39,1.398
1632368931.746,1.39,1.396
1632368932.058,1.39,1.394
1632368932.345,1.388,1.394
1632368932.643,1.392,1.392
1632368932.943,1.394,1.392
1632368933.27,1.396,1.392
1632368933.545,1.398,1.392
1632368933.844,1.4,1.392
1632368978.027,1.402,1.407
1632368978.157,1.358,4.74
1632368978.457,1.362,1.337
1632368978.756,1.364,1.339
1632368979.059,1.366,1.342
1632368979.358,1.368,1.346
1632368979.657,1.37,1.35
1632369008.465,1.37,1.354
1632369008.467,1.37,1.356
1632369008.469,1.372,1.36
1632369008.473,1.372,1.364
1632369008.475,1.374,1.368
1632369008.477,1.376,1.37
1632369008.479,1.376,1.372
1632369008.48,1.378,1.372
1632369008.482,1.38,1.374
1632369008.485,1.382,1.374
1632369008.486,1.384,1.376
1632369008.488,1.386,1.378
1632369008.497,1.388,1.378
1632369008.503,1.39,1.38
1632369008.511,1.394,1.382
1632369008.519,1.396,1.384
1632369008.525,1.398,1.386
1632369008.533,1.4,1.388
1632369008.542,1.4,1.39
1632369008.55,1.402,1.392
1632369008.556,1.404,1.394
1632369008.564,1.404,1.396
1632369008.572,1.402,1.398
1632369008.577,1.402,1.4
1632369008.585,1.4,1.402
1632369008.592,1.398,1.402
1632369008.6,1.396,1.402
1632369008.606,1.394,1.402
1632369008.614,1.392,1.402
1632369008.624,1.392,1.4
1632369008.631,1.392,1.4
1632369008.64,1.39,1.398
1632369008.647,1.39,1.396
1632369008.655,1.392,1.396
1632369008.661,1.392,1.394
1632369008.67,1.394,1.394
1632369008.68,1.394,1.394
1632369008.684,1.396,1.394
1632369008.69,1.398,1.394
1632369008.697,1.4,1.394
1632369008.702,1.4,1.394
1632369008.707,1.402,1.396
1632369008.713,1.404,1.396
1632369008.72,1.406,1.398
1632369008.726,1.407,1.4
1632369008.733,1.407,1.402
1632369008.74,1.407,1.402
1632369008.746,1.406,1.404
1632369008.752,1.406,1.404
1632369008.758,1.407,1.4
1632369008.767,1.407,1.4
1632369008.774,1.407,1.4
1632369009.048,1.407,1.402
1632369009.347,1.407,1.404
1632369009.658,1.407,1.404
1632369009.945,1.406,1.406
1632369010.244,1.404,1.406
1632369010.547,1.402,1.407
1632369010.875,1.4,1.407
1632369011.145,1.4,1.406
1632369011.444,1.398,1.406
1632369011.759,1.396,1.406
1632369012.046,1.396,1.404
1632369012.345,1.394,1.402
1632369012.644,1.394,1.402
1632369012.972,1.394,1.4
1632369013.246,1.394,1.398
1632369013.545,1.396,1.398
1632369013.844,1.396,1.398
1632369014.144,1.396,1.396
1632369014.443,1.398,1.396
1632369014.745,1.4,1.396
1632369015.045,1.4,1.396
1632369015.344,1.404,1.398
1632369015.643,1.404,1.398
1632369015.942,1.406,1.4
1632369016.245,1.407,1.4
1632369016.544,1.407,1.402
1632369016.843,1.407,1.402
1632369017.142,1.407,1.404
1632369017.441,1.407,1.406
1632369017.744,1.406,1.406
1632369018.043,1.404,1.406
1632369018.367,1.402,1.407
1632369018.641,1.4,1.407
1632369018.944,1.398,1.406
1632369019.247,1.396,1.406
1632369019.542,1.394,1.404
1632369019.841,1.394,1.404
1632369020.14,1.394,1.402
1632369020.464,1.394,1.4
1632369020.743,1.394,1.4
1632369021.042,1.394,1.398
1632369021.349,1.394,1.396
1632369021.64,1.396,1.396
1632369021.943,1.396,1.396
1632369022.242,1.398,1.396
1632369022.561,1.4,1.396
1632369022.84,1.4,1.396
1632369023.139,1.402,1.396
1632369023.446,1.404,1.398
1632369023.741,1.406,1.398
1632369024.04,1.407,1.4
1632369024.339,1.407,1.402
1632369024.663,1.407,1.402
1632369024.941,1.407,1.404
1632369025.24,1.407,1.406
1632369025.543,1.406,1.406
1632369025.839,1.404,1.406
1632369026.141,1.402,1.407
1632369026.44,1.4,1.407
1632369026.76,1.398,1.406
1632369027.039,1.396,1.406
1632369027.338,1.396,1.404
1632369027.645,1.394,1.404
1632369027.94,1.394,1.402
1632369028.239,1.394,1.4
1632369028.538,1.394,1.4
1632369028.861,1.394,1.398
1632369029.14,1.394,1.398
1632369029.439,1.396,1.396
1632369029.742,1.398,1.396
1632369030.037,1.398,1.396
1632369030.336,1.4,1.396
1632369030.639,1.402,1.396
1632369030.959,1.404,1.398
1632369031.237,1.406,1.398
1632369031.536,1.407,1.4
1632369031.844,1.407,1.4
1632369032.139,1.407,1.402
1632369032.437,1.407,1.404
1632369032.737,1.407,1.404
1632369033.06,1.406,1.406
1632369033.339,1.406,1.406
1632369033.638,1.404,1.407
1632369033.941,1.402,1.407
1632369034.236,1.4,1.407
1632369034.535,1.398,1.406
1632369034.838,1.396,1.406
1632369035.157,1.396,1.404
1632369035.436,1.394,1.404
1632369035.735,1.394,1.402
1632369036.042,1.394,1.4
1632369036.337,1.392,1.4
1632369036.636,1.394,1.398
1632369036.935,1.394,1.396
1632369037.259,1.396,1.396
1632369037.537,1.396,1.396
1632369037.836,1.398,1.396
1632369038.14,1.4,1.396
1632369038.435,1.402,1.396
1632369038.734,1.404,1.396
1632369039.036,1.406,1.398
1632369039.356,1.407,1.4
1632369039.635,1.407,1.4
1632369039.934,1.407,1.402
1632369040.241,1.407,1.404
1632369040.536,1.407,1.404
1632369040.835,1.406,1.406
1632369041.134,1.404,1.406
1632369041.457,1.402,1.407
1632369041.732,1.402,1.407
1632369042.035,1.4,1.406
1632369042.338,1.398,1.406
1632369042.633,1.396,1.406
1632369042.932,1.396,1.404
1632369043.231,1.394,1.402
1632369043.555,1.394,1.402
1632369043.833,1.394,1.4
1632369044.132,1.394,1.398
1632369044.44,1.394,1.398
1632369044.735,1.396,1.398
1632369045.033,1.398,1.396
1632369045.333,1.398,1.396
1632369045.656,1.4,1.396
1632369045.931,1.402,1.396
1632369046.234,1.404,1.398
1632369046.537,1.406,1.398
1632369046.832,1.406,1.4
1632369047.131,1.407,1.4
1632369047.43,1.407,1.402
1632369047.753,1.407,1.404
1632369048.032,1.407,1.404
1632369048.331,1.407,1.406
1632369048.63,1.406,1.406
1632369048.929,1.404,1.407
1632369049.232,1.402,1.407
1632369049.531,1.4,1.407
1632369049.83,1.4,1.406
1632369050.129,1.398,1.406
1632369050.432,1.396,1.406
1632369050.731,1.394,1.404
1632369051.03,1.394,1.402
1632369051.33,1.394,1.402
1632369051.629,1.394,1.4
1632369051.932,1.394,1.398
1632369052.231,1.394,1.398
1632369052.53,1.396,1.396
1632369052.829,1.396,1.396
1632369053.128,1.398,1.396
1632369053.431,1.398,1.396
1632369053.73,1.4,1.396
1632369054.029,1.402,1.396
1632369054.361,1.404,1.398
1632369054.627,1.406,1.398
1632369054.93,1.406,1.4
1632369055.246,1.407,1.4
1632369055.528,1.407,1.402
1632369055.827,1.407,1.404
1632369056.13,1.407,1.404
1632369056.458,1.406,1.406
1632369056.728,1.404,1.406
1632369057.028,1.402,1.406
1632369057.343,1.402,1.406
1632369057.63,1.4,1.406
1632369057.929,1.398,1.406
1632369058.228,1.396,1.406
1632369058.555,1.394,1.404
1632369058.826,1.394,1.402
1632369059.129,1.394,1.402
1632369059.44,1.394,1.4
1632369059.727,1.394,1.398
1632369060.026,1.394,1.398
1632369060.325,1.396,1.396
1632369060.657,1.396,1.396
1632369060.927,1.398,1.396
1632369061.226,1.402,1.396
1632369061.538,1.402,1.396
1632369061.824,1.406,1.398
1632369062.127,1.404,1.398
1632369062.426,1.406,1.4
1632369062.754,1.406,1.4
1632369063.025,1.407,1.402
1632369063.328,1.407,1.404
1632369063.639,1.407,1.404
1632369063.926,1.406,1.406
1632369064.225,1.404,1.406
1632369064.524,1.402,1.406
1632369064.855,1.402,1.406
1632369065.126,1.4,1.406
1632369065.425,1.398,1.406
1632369065.736,1.398,1.406
1632369066.023,1.398,1.404
1632369066.326,1.396,1.404
1632369066.625,1.396,1.402
1632369066.953,1.396,1.4
1632369067.223,1.396,1.4
1632369067.522,1.396,1.4
1632369067.838,1.396,1.398
1632369068.125,1.398,1.398
1632369068.423,1.398,1.398
1632369068.722,1.4,1.398
1632369069.054,1.4,1.398
1632369069.325,1.402,1.398
1632369069.624,1.404,1.398
1632369069.935,1.404,1.4
1632369070.222,1.406,1.4
1632369070.525,1.406,1.402
1632369070.824,1.406,1.402
1632369071.151,1.406,1.404
1632369071.422,1.407,1.404
1632369071.721,1.406,1.406
1632369072.036,1.404,1.406
1632369072.323,1.402,1.406
1632369072.622,1.4,1.406
1632369072.921,1.4,1.406
1632369073.253,1.398,1.406
1632369073.523,1.398,1.404
1632369073.822,1.396,1.404
1632369074.134,1.396,1.402
1632369074.42,1.396,1.402
1632369074.724,1.396,1.4
1632369075.022,1.396,1.4
1632369075.35,1.396,1.398
1632369075.621,1.396,1.398
1632369075.92,1.398,1.398
1632369076.235,1.398,1.398
1632369076.522,1.4,1.398
1632369076.821,1.4,1.398
1632369077.12,1.402,1.398
1632369077.452,1.404,1.398
1632369077.722,1.406,1.4
1632369078.021,1.404,1.4
1632369078.332,1.406,1.402
1632369078.619,1.406,1.402
1632369078.918,1.406,1.404
1632369079.221,1.406,1.404
1632369079.549,1.404,1.404
1632369079.82,1.404,1.406
1632369080.118,1.402,1.406
1632369080.434,1.4,1.406
1632369080.72,1.4,1.406
1632369081.02,1.398,1.404
1632369081.319,1.398,1.404
1632369081.65,1.396,1.404
1632369081.921,1.396,1.402
1632369082.22,1.396,1.402
1632369082.531,1.396,1.4
1632369082.818,1.396,1.4
1632369083.117,1.396,1.398
1632369083.42,1.398,1.398
1632369083.719,1.4,1.398
1632369084.018,1.4,1.398
1632369084.317,1.402,1.398
1632369084.616,1.402,1.398
1632369084.919,1.404,1.4
1632369085.218,1.404,1.4
1632369085.517,1.406,1.4
1632369085.816,1.406,1.402
1632369086.116,1.406,1.402
1632369086.418,1.406,1.404
1632369086.717,1.407,1.404
1632369087.016,1.406,1.406
1632369087.316,1.406,1.406
1632369087.619,1.404,1.406
1632369087.918,1.402,1.406
1632369088.217,1.4,1.406
1632369088.516,1.4,1.406
1632369088.815,1.398,1.406
1632369089.139,1.396,1.404
1632369089.417,1.396,1.404
1632369089.716,1.396,1.402
1632369090.023,1.396,1.402
1632369090.314,1.396,1.4
1632369090.617,1.396,1.4
1632369090.916,1.396,1.398
1632369091.24,1.398,1.398
1632369091.514,1.398,1.398
1632369091.813,1.4,1.398
1632369092.121,1.4,1.398
1632369092.416,1.402,1.398
1632369092.715,1.404,1.398
1632369093.014,1.404,1.4
1632369093.337,1.404,1.4
1632369093.616,1.406,1.402
1632369093.915,1.406,1.402
1632369094.222,1.406,1.404
1632369094.513,1.406,1.404
1632369094.816,1.406,1.404
1632369095.115,1.406,1.406
1632369095.434,1.404,1.406
1632369095.713,1.404,1.406
1632369096.012,1.402,1.406
1632369096.319,1.4,1.406
1632369096.614,1.398,1.406
1632369096.913,1.398,1.404
1632369097.212,1.398,1.404
1632369097.536,1.398,1.404
1632369097.814,1.396,1.402
1632369098.113,1.398,1.402
1632369098.42,1.396,1.4
1632369098.712,1.396,1.4
1632369099.015,1.398,1.398
1632369099.313,1.398,1.398
1632369099.633,1.4,1.398
1632369099.912,1.402,1.398
1632369100.211,1.404,1.398
1632369100.518,1.406,1.4
1632369100.813,1.404,1.4
1632369101.112,1.407,1.402
1632369101.411,1.407,1.402
1632369101.734,1.409,1.404
1632369102.013,1.409,1.404
1632369102.312,1.409,1.406
1632369102.619,1.407,1.407
1632369102.91,1.407,1.407
1632369103.209,1.406,1.407
1632369103.512,1.404,1.407
1632369103.832,1.402,1.407
1632369104.11,1.402,1.407
1632369104.409,1.398,1.407
1632369104.717,1.398,1.406
1632369105.011,1.396,1.406
1632369105.31,1.396,1.404
1632369105.61,1.396,1.402
1632369105.933,1.396,1.402
1632369106.212,1.396,1.4
1632369106.511,1.396,1.4
1632369106.818,1.396,1.398
1632369107.109,1.398,1.398
1632369107.408,1.4,1.398
1632369107.711,1.4,1.398
1632369108.031,1.402,1.398
1632369108.309,1.404,1.398
1632369108.608,1.406,1.4
1632369108.915,1.406,1.4
1632369109.21,1.406,1.402
1632369109.509,1.407,1.402
1632369109.808,1.407,1.404
1632369110.132,1.409,1.404
1632369110.407,1.407,1.406
1632369110.709,1.407,1.406
1632369111.017,1.406,1.407
1632369135.002,1.409,1.406
1632369135.007,1.407,1.406
1632369146.165,1.394,1.4
1632369146.17,1.394,1.4
1632369147.298,1.342,4.74
1632369147.601,1.346,1.344
1632369147.9,1.352,1.344
1632369148.199,1.356,1.346
1632369148.502,1.362,1.346
1632369148.801,1.366,1.348
1632369149.1,1.372,1.35
1632369149.399,1.376,1.354
1632369149.698,1.38,1.356
1632369150.001,1.384,1.36
1632369150.3,1.386,1.364
1632369150.599,1.39,1.368
1632369150.898,1.392,1.374
1632369151.201,1.394,1.378
1632369151.5,1.396,1.382
1632369151.799,1.396,1.384
1632369152.098,1.394,1.388
1632369152.397,1.394,1.39
1632369152.7,1.392,1.392
1632369153.0,1.392,1.392
1632369153.298,1.39,1.394
1632369153.598,1.39,1.394
1632369153.897,1.39,1.394
1632369154.2,1.388,1.394
1632369154.499,1.388,1.394
1632369154.798,1.388,1.392
1632369155.097,1.39,1.392
1632369155.396,1.39,1.392
1632369155.699,1.39,1.39
1632369155.998,1.392,1.39
1632369156.297,1.394,1.39
1632369156.596,1.396,1.39
1632369156.895,1.398,1.392
1632369157.198,1.402,1.392
1632369157.497,1.402,1.394
1632369157.796,1.404,1.396
1632369158.095,1.404,1.396
1632369158.398,1.406,1.398
1632369158.697,1.406,1.4
1632369158.996,1.406,1.402
1632369159.296,1.406,1.402
1632369159.595,1.404,1.404
1632369159.898,1.404,1.404
1632369160.197,1.402,1.406
1632369160.496,1.4,1.406
1632369160.795,1.398,1.406
1632369161.094,1.396,1.404
1632369161.397,1.394,1.404
1632369161.696,1.394,1.402
1632369161.995,1.394,1.402
1632369162.294,1.394,1.4
1632369162.593,1.392,1.398
1632369162.896,1.392,1.398
1632369163.195,1.394,1.396
1632369163.494,1.396,1.396
1632369163.793,1.396,1.396
1632369164.096,1.398,1.396
1632369164.396,1.4,1.396
1632369164.694,1.4,1.396
1632369164.993,1.402,1.396
1632369165.293,1.404,1.398
1632369165.596,1.406,1.398
1632369165.895,1.406,1.4
1632369166.194,1.407,1.402
1632369166.493,1.407,1.402
1632369166.792,1.407,1.404
1632369167.095,1.407,1.404
1632369167.394,1.406,1.406
1632369167.693,1.404,1.406
1632369167.992,1.402,1.406
1632369168.291,1.402,1.406
1632369168.594,1.4,1.406
1632369168.893,1.398,1.406
1632369169.192,1.396,1.406
1632369169.491,1.396,1.404
1632369169.794,1.394,1.402
1632369170.093,1.394,1.402
1632369170.392,1.394,1.4
1632369170.691,1.394,1.398
1632369170.993,1.394,1.398
1632369171.293,1.396,1.398
1632369171.593,1.396,1.396
1632369171.892,1.398,1.396
1632369172.191,1.4,1.396
1632369172.49,1.402,1.396
1632369172.793,1.404,1.398
1632369173.092,1.404,1.398
1632369173.391,1.406,1.4
1632369173.69,1.407,1.4
1632369173.989,1.407,1.402
1632369174.292,1.407,1.404
1632369174.591,1.407,1.404
1632369174.89,1.407,1.406
1632369175.189,1.406,1.406
1632369175.488,1.404,1.407
1632369175.791,1.404,1.407
1632369176.09,1.4,1.407
1632369176.389,1.4,1.406
1632369176.688,1.398,1.406
1632369176.991,1.396,1.406
1632369177.29,1.396,1.404
1632369177.59,1.394,1.402
1632369177.889,1.394,1.402
1632369178.188,1.394,1.4
1632369178.491,1.394,1.398
1632369178.79,1.394,1.398
1632369179.089,1.396,1.396
1632369179.388,1.398,1.396
1632369179.687,1.398,1.396
1632369179.99,1.4,1.396
1632369180.289,1.402,1.396
1632369180.588,1.404,1.398
1632369180.887,1.404,1.398
1632369181.186,1.406,1.4
1632369181.489,1.407,1.4
1632369181.788,1.407,1.402
1632369182.087,1.407,1.404
1632369182.386,1.407,1.404
1632369182.689,1.406,1.406
1632369182.988,1.404,1.406
1632369183.287,1.402,1.406
1632369183.587,1.4,1.406
1632369183.886,1.398,1.406
1632369184.189,1.396,1.406
1632369184.488,1.394,1.404
1632369184.787,1.394,1.404
1632369185.086,1.394,1.402
1632369189.982,1.394,1.396
1632369189.983,1.396,1.396
1632369189.984,1.398,1.396
1632369189.985,1.398,1.396
1632369189.986,1.4,1.396
1632369189.987,1.402,1.396
1632369189.99,1.402,1.398
1632369189.992,1.404,1.398
1632369189.993,1.406,1.4
1632369191.111,1.346,4.74
1632369191.415,1.354,1.342
1632369191.714,1.36,1.344
1632369192.013,1.364,1.346
1632369192.312,1.37,1.348
1632369192.611,1.374,1.352
1632369192.914,1.378,1.354
1632369193.213,1.382,1.358
1632369193.512,1.384,1.362
1632369193.811,1.386,1.366
1632369194.114,1.386,1.37
1632369194.415,1.388,1.374
1632369194.712,1.388,1.378
1632369195.011,1.388,1.38
1632369195.31,1.388,1.384
1632369195.613,1.386,1.386
1632369195.912,1.386,1.386
1632369196.211,1.386,1.388
1632369196.51,1.384,1.388
1632369196.81,1.386,1.388
1632369197.112,1.386,1.388
1632369197.412,1.388,1.388
1632369197.711,1.39,1.388
1632369198.01,1.39,1.388
1632369198.309,1.392,1.388
1632369198.612,1.394,1.388
1632369198.911,1.396,1.39
1632369199.21,1.398,1.39
1632369199.509,1.4,1.392
1632369199.808,1.402,1.392
1632369200.111,1.404,1.394
1632369200.41,1.404,1.396
1632369200.709,1.406,1.398
1632369201.008,1.407,1.4
1632369201.311,1.406,1.402
1632369201.61,1.406,1.402
1632369201.909,1.404,1.404
1632369202.209,1.404,1.404
1632369202.508,1.402,1.406
1632369202.81,1.4,1.406
1632369203.11,1.398,1.406
1632369203.409,1.396,1.404
1632369203.708,1.396,1.404
1632369204.007,1.394,1.402
1632369204.31,1.394,1.402
1632369204.609,1.394,1.4
1632369204.908,1.394,1.4
1632369205.207,1.394,1.398
1632369205.506,1.394,1.398
1632369205.809,1.396,1.396
1632369206.108,1.396,1.396
1632369206.407,1.398,1.396
1632369206.706,1.398,1.396
1632369207.009,1.4,1.396
1632369207.308,1.402,1.396
1632369207.607,1.404,1.398
1632369207.906,1.406,1.398
1632369208.205,1.407,1.4
1632369208.508,1.407,1.402
1632369208.808,1.407,1.402
1632369209.106,1.407,1.404
1632369209.406,1.407,1.404
1632369209.705,1.406,1.406
1632369210.008,1.404,1.406
1632369210.307,1.402,1.407
1632369210.606,1.4,1.407
1632369210.905,1.4,1.406
1632369211.204,1.398,1.406
1632369211.507,1.396,1.406
1632369211.806,1.396,1.404
1632369212.105,1.394,1.402
1632369212.404,1.394,1.402
1632369212.707,1.394,1.4
1632369213.006,1.394,1.398
1632369213.305,1.394,1.398
1632369213.604,1.396,1.396
1632369213.903,1.396,1.396
1632369214.206,1.398,1.396
1632369214.505,1.4,1.396
1632369214.805,1.4,1.396
1632369215.104,1.402,1.396
1632369215.403,1.404,1.398
1632369215.706,1.406,1.398
1632369216.005,1.406,1.4
1632369216.304,1.407,1.402
1632369216.603,1.407,1.402
1632369216.902,1.407,1.404
1632369217.205,1.407,1.404
1632369217.504,1.406,1.406
1632369217.803,1.406,1.406
1632369218.102,1.404,1.407
1632369218.405,1.402,1.407
1632369218.704,1.4,1.407
1632369219.003,1.398,1.406
1632369219.302,1.398,1.406
1632369219.601,1.396,1.404
1632369219.904,1.394,1.404
1632369220.203,1.394,1.402
1632369220.502,1.394,1.4
1632369220.802,1.394,1.4
1632369221.101,1.394,1.398
1632369221.404,1.396,1.398
1632369221.703,1.396,1.396
1632369222.002,1.398,1.396
1632369222.301,1.398,1.396
1632369222.6,1.4,1.396
1632369222.903,1.402,1.396
1632369223.202,1.404,1.398
1632369223.501,1.406,1.398
1632369223.8,1.407,1.4
1632369224.099,1.407,1.402
1632369224.402,1.407,1.402
1632369224.701,1.407,1.404
1632369225.0,1.406,1.404
1632369225.299,1.406,1.406
1632369225.602,1.406,1.406
1632369225.901,1.404,1.407
1632369226.2,1.402,1.407
1632369226.5,1.4,1.407
1632369226.799,1.398,1.406
1632369227.101,1.398,1.406
1632369227.401,1.396,1.404
1632369227.7,1.396,1.404
1632369227.999,1.396,1.402
1632369228.298,1.396,1.402
1632369228.601,1.396,1.4
1632369228.9,1.396,1.4
1632369229.199,1.396,1.398
1632369229.498,1.398,1.398
1632369229.797,1.398,1.398
1632369230.1,1.4,1.398
1632369230.399,1.4,1.398
1632369230.698,1.402,1.398
1632369230.997,1.404,1.398
1632369231.3,1.406,1.4
1632369231.599,1.406,1.4
1632369231.898,1.407,1.402
1632369232.197,1.407,1.402
1632369232.496,1.407,1.404
1632369232.799,1.407,1.404
1632369233.098,1.406,1.406
1632369233.397,1.406,1.406
1632369233.696,1.404,1.407
1632369233.996,1.402,1.407
1632369234.299,1.4,1.407
1632369234.598,1.398,1.406
1632369234.897,1.396,1.406
1632369235.196,1.394,1.404
1632369235.495,1.394,1.404
1632369235.798,1.394,1.402
1632369236.097,1.394,1.4
1632369236.396,1.394,1.4
1632369236.695,1.394,1.398
1632369236.998,1.394,1.396
1632369237.297,1.396,1.396
1632369237.596,1.398,1.396
1632369237.895,1.4,1.396
1632369238.194,1.4,1.396
1632369238.497,1.402,1.396
1632369238.796,1.404,1.398
1632369239.095,1.406,1.398
1632369239.395,1.407,1.4
1632369239.694,1.407,1.402
1632369239.997,1.407,1.402
1632369240.296,1.407,1.404
1632369240.595,1.407,1.406
1632369240.894,1.406,1.406
1632369241.193,1.406,1.406
1632369241.496,1.402,1.407
1632369241.795,1.402,1.407
1632369242.094,1.4,1.407
1632369242.393,1.398,1.406
1632369242.692,1.398,1.406
1632369242.995,1.396,1.404
1632369243.294,1.396,1.404
1632369243.593,1.396,1.402
1632369243.892,1.394,1.4
1632369244.195,1.394,1.4
1632369244.494,1.394,1.398
1632369244.793,1.396,1.398
1632369245.092,1.396,1.398
1632369245.391,1.398,1.396
1632369245.695,1.398,1.396
1632369245.994,1.4,1.396
1632369246.293,1.402,1.398
1632369246.592,1.404,1.398
1632369246.891,1.407,1.398
1632369247.194,1.407,1.4
1632369247.493,1.407,1.402
1632369247.792,1.407,1.402
1632369248.091,1.407,1.404
1632369248.39,1.407,1.406
1632369248.693,1.406,1.406
1632369248.992,1.406,1.406
1632369249.291,1.404,1.407
1632369249.59,1.402,1.407
1632369249.893,1.4,1.407
1632369250.192,1.4,1.406
1632369250.492,1.398,1.406
1632369250.79,1.396,1.404
1632369251.089,1.396,1.404
1632369251.393,1.394,1.402
1632369251.691,1.396,1.402
1632369251.99,1.396,1.4
1632369252.29,1.394,1.4
1632369252.589,1.396,1.398
1632369252.892,1.398,1.398
1632369253.191,1.398,1.398
1632369253.49,1.4,1.398
1632369253.789,1.402,1.398
1632369254.088,1.404,1.398
1632369254.391,1.406,1.398
1632369254.69,1.406,1.4
1632369254.989,1.407,1.4
1632369255.288,1.407,1.402
1632369255.591,1.404,1.404
1632369255.89,1.407,1.404
1632369256.189,1.407,1.406
1632369256.488,1.406,1.406
1632369256.787,1.406,1.406
1632369257.09,1.404,1.407
1632369257.39,1.402,1.407
1632369257.688,1.402,1.406
1632369257.988,1.398,1.406
1632369258.286,1.398,1.406
1632369258.59,1.396,1.404
1632369258.889,1.396,1.404
1632369259.188,1.396,1.402
1632369259.487,1.394,1.402
1632369259.786,1.394,1.4
1632369260.089,1.394,1.398
1632369260.388,1.396,1.398
1632369260.687,1.396,1.398
1632369260.986,1.398,1.396
1632369261.289,1.4,1.396
1632369261.588,1.402,1.396
1632369261.887,1.404,1.398
1632369262.186,1.406,1.398
1632369262.485,1.406,1.4
1632369262.788,1.407,1.4
1632369263.087,1.407,1.402
1632369263.386,1.407,1.404
1632369263.686,1.407,1.404
1632369263.985,1.407,1.406
1632369264.288,1.406,1.406
1632369264.587,1.404,1.407
1632369264.886,1.402,1.407
1632369265.185,1.402,1.407
1632369265.484,1.4,1.406
1632369265.787,1.398,1.406
1632369266.086,1.398,1.406
1632369266.385,1.396,1.404
1632369266.684,1.396,1.404
1632369266.983,1.394,1.402
1632369267.286,1.396,1.4
1632369267.585,1.394,1.4
1632369267.884,1.396,1.398
1632369268.183,1.396,1.398
1632369268.486,1.398,1.398
1632369268.785,1.398,1.398
1632369269.084,1.4,1.398
1632369269.384,1.402,1.398
1632369269.682,1.404,1.398
1632369269.986,1.406,1.398
1632369270.285,1.407,1.4
1632369270.584,1.407,1.402
1632369270.883,1.407,1.402
1632369271.182,1.407,1.404
1632369271.485,1.407,1.404
1632369271.784,1.407,1.406
1632369272.083,1.406,1.406
1632369272.382,1.404,1.407
1632369272.681,1.404,1.407
1632369272.984,1.402,1.407
1632369273.283,1.4,1.407
1632369273.582,1.4,1.406
1632369273.881,1.398,1.406
1632369274.184,1.396,1.404
1632369274.483,1.396,1.404
1632369274.782,1.396,1.402
1632369275.081,1.396,1.402
1632369275.38,1.396,1.4
1632369275.683,1.396,1.4
1632369275.983,1.396,1.398
1632369276.281,1.398,1.398
1632369276.581,1.398,1.398
1632369276.88,1.4,1.398
1632369277.183,1.402,1.398
1632369277.482,1.406,1.398
1632369277.781,1.406,1.4
1632369278.08,1.407,1.4
1632369278.379,1.407,1.402
1632369278.682,1.407,1.402
1632369278.981,1.407,1.404
1632369279.28,1.407,1.406
1632369279.579,1.407,1.406
1632369279.882,1.406,1.407
1632369280.181,1.404,1.407
1632369280.48,1.402,1.407
1632369280.779,1.402,1.407
1632369281.078,1.398,1.407
1632369281.381,1.398,1.406
1632369281.681,1.396,1.406
1632369281.98,1.396,1.404
1632369282.278,1.396,1.402
1632369282.578,1.396,1.402
1632369282.881,1.394,1.4
1632369283.18,1.396,1.4
1632369283.479,1.396,1.398
1632369283.778,1.398,1.398
1632369284.077,1.398,1.398
1632369284.38,1.4,1.398
1632369284.679,1.402,1.398
1632369284.978,1.404,1.398
1632369285.277,1.404,1.398
1632369285.58,1.406,1.4
1632369285.879,1.407,1.4
1632369286.178,1.407,1.402
1632369286.477,1.407,1.404
1632369286.776,1.407,1.404
1632369287.079,1.407,1.406
1632369287.379,1.407,1.406
1632369287.678,1.406,1.407
1632369287.977,1.404,1.407
1632369288.276,1.402,1.407
1632369288.579,1.402,1.407
1632369288.878,1.4,1.407
1632369289.177,1.398,1.406
1632369289.476,1.396,1.406
1632369289.775,1.396,1.404
1632369290.078,1.396,1.402
1632369290.45,1.396,1.402
1632369290.676,1.394,1.4
1632369290.975,1.396,1.4
1632369291.274,1.396,1.398
1632369291.577,1.396,1.398
1632369291.876,1.398,1.398
1632369292.175,1.4,1.398
1632369292.515,1.4,1.398
1632369292.777,1.402,1.398
1632369293.077,1.404,1.398
1632369293.375,1.406,1.4
1632369293.675,1.406,1.4
1632369293.974,1.407,1.402
1632369294.277,1.407,1.402
1632369294.576,1.407,1.404
1632369294.875,1.407,1.404
1632369295.174,1.406,1.406
1632369295.473,1.406,1.406
1632369295.776,1.404,1.407
1632369296.075,1.402,1.407
1632369296.374,1.4,1.407
1632369296.673,1.4,1.406
1632369296.972,1.396,1.406
1632369297.275,1.396,1.404
1632369297.574,1.396,1.404
1632369297.873,1.396,1.402
1632369298.172,1.394,1.402
1632369298.475,1.394,1.4
1632369298.774,1.394,1.398
1632369299.073,1.396,1.398
1632369299.372,1.398,1.398
1632369299.671,1.398,1.396
1632369299.974,1.4,1.396
1632369300.273,1.402,1.398
1632369300.573,1.404,1.398
1632369300.872,1.406,1.398
1632369301.171,1.406,1.4
1632369301.474,1.407,1.4
1632369301.773,1.407,1.402
1632369302.072,1.407,1.404
1632369302.371,1.407,1.404
1632369302.67,1.407,1.406
1632369302.973,1.407,1.406
1632369303.272,1.406,1.407
1632369303.571,1.406,1.407
1632369303.87,1.404,1.407
1632369304.173,1.402,1.407
1632369304.472,1.4,1.407
1632369304.771,1.4,1.406
1632369305.07,1.398,1.406
1632369305.369,1.398,1.404
1632369305.672,1.396,1.404
1632369305.971,1.396,1.402
1632369306.27,1.396,1.402
1632369306.57,1.396,1.4
1632369306.869,1.396,1.4
1632369307.172,1.398,1.398
1632369307.471,1.398,1.398
1632369307.77,1.4,1.398
1632369308.069,1.402,1.398
1632369308.368,1.402,1.398
1632369308.671,1.404,1.398
1632369308.97,1.406,1.4
1632369309.269,1.407,1.4
1632369309.568,1.407,1.402
1632369309.867,1.407,1.404
1632369310.17,1.407,1.404
1632369310.469,1.407,1.406
1632369310.768,1.407,1.406
1632369311.067,1.406,1.407
1632369311.371,1.404,1.407
1632369311.669,1.402,1.407
1632369311.968,1.402,1.407
1632369312.268,1.4,1.407
1632369312.567,1.4,1.406
1632369312.87,1.396,1.406
1632369313.169,1.396,1.404
1632369313.468,1.396,1.404
1632369313.767,1.396,1.402
1632369314.066,1.396,1.4
1632369314.369,1.396,1.4
1632369314.668,1.396,1.398
1632369314.967,1.398,1.398
1632369315.266,1.398,1.398
1632369315.565,1.402,1.398
1632369315.868,1.402,1.398
1632369316.167,1.404,1.398
1632369316.466,1.406,1.4
1632369316.765,1.406,1.4
1632369317.068,1.407,1.402
1632369317.367,1.407,1.402
1632369317.667,1.407,1.404
1632369317.966,1.407,1.404
1632369318.264,1.407,1.406
1632369318.568,1.407,1.406
1632369318.867,1.407,1.407
1632369319.166,1.404,1.407
1632369319.465,1.404,1.407
1632369319.764,1.402,1.407
1632369320.067,1.4,1.407
1632369320.366,1.4,1.406
1632369320.665,1.398,1.406
1632369320.964,1.396,1.404
1632369321.263,1.396,1.404
1632369321.566,1.396,1.402
1632369321.865,1.396,1.402
1632369322.164,1.396,1.4
1632369322.463,1.396,1.4
1632369322.766,1.398,1.398
1632369323.065,1.398,1.398
1632369323.364,1.4,1.398
1632369323.663,1.402,1.398
1632369323.962,1.404,1.398
1632369324.266,1.406,1.4
1632369324.565,1.407,1.4
1632369324.864,1.407,1.402
1632369325.163,1.407,1.402
1632369325.462,1.409,1.404
1632369325.765,1.409,1.406
1632369326.064,1.409,1.406
1632369326.363,1.407,1.407
1632369326.662,1.406,1.407
1632369326.961,1.404,1.407
1632369327.264,1.402,1.407
1632369327.563,1.402,1.407
1632369327.862,1.4,1.407
1632369328.161,1.398,1.406
1632369328.464,1.398,1.406
1632369328.763,1.396,1.404
1632369329.062,1.396,1.404
1632369329.361,1.396,1.402
1632369329.66,1.396,1.4
1632369329.963,1.396,1.4
1632369330.262,1.396,1.398
1632369330.561,1.398,1.398
1632369330.861,1.4,1.398
1632369331.16,1.4,1.398
1632369331.463,1.402,1.398
1632369331.762,1.404,1.398
1632369332.061,1.406,1.4
1632369332.36,1.407,1.4
1632369332.659,1.407,1.402
1632369332.962,1.407,1.402
1632369333.261,1.407,1.404
1632369333.56,1.407,1.406
1632369333.859,1.407,1.406
1632369334.158,1.407,1.406
1632369334.461,1.404,1.407
1632369334.76,1.404,1.407
1632369335.059,1.402,1.407
1632369335.358,1.4,1.407
1632369335.661,1.398,1.406
1632369335.96,1.396,1.406
1632369336.26,1.396,1.404
1632369336.558,1.394,1.404
1632369336.858,1.394,1.402
1632369337.161,1.394,1.4
1632369337.46,1.394,1.4
1632369337.759,1.394,1.398
1632369338.058,1.396,1.398
1632369338.357,1.398,1.396
1632369338.66,1.398,1.396
1632369338.959,1.4,1.396
1632369339.258,1.402,1.396
1632369339.557,1.404,1.398
1632369339.856,1.406,1.398
1632369340.159,1.407,1.4
1632369340.458,1.407,1.4
1632369340.757,1.407,1.402
1632369341.056,1.407,1.404
1632369341.36,1.407,1.404
1632369341.658,1.406,1.406
1632369341.957,1.406,1.406
1632369342.257,1.404,1.407
1632369342.556,1.402,1.407
1632369342.859,1.4,1.407
1632369343.158,1.398,1.406
1632369343.457,1.398,1.406
1632369343.756,1.396,1.404
1632369344.055,1.394,1.404
1632369344.358,1.394,1.402
1632369344.657,1.394,1.4
1632369344.956,1.394,1.4
1632369345.255,1.394,1.398
1632369345.554,1.394,1.398
1632369345.857,1.396,1.396
1632369346.156,1.396,1.396
1632369346.455,1.398,1.396
1632369346.754,1.4,1.396
1632369347.057,1.402,1.396
1632369347.356,1.404,1.398
1632369347.655,1.406,1.398
1632369347.955,1.406,1.4
1632369348.253,1.407,1.4
1632369348.557,1.407,1.402
1632369348.856,1.407,1.404
1632369349.155,1.407,1.404
1632369349.454,1.407,1.406
1632369349.753,1.406,1.406
1632369350.056,1.404,1.407
1632369350.355,1.404,1.407
1632369350.654,1.402,1.407
1632369350.953,1.4,1.407
1632369351.252,1.398,1.406
1632369351.555,1.398,1.406
1632369351.854,1.396,1.404
1632369352.153,1.396,1.404
1632369352.452,1.396,1.402
1632369352.751,1.396,1.4
1632369353.054,1.396,1.4
1632369353.354,1.396,1.4
1632369353.652,1.396,1.398
1632369353.951,1.398,1.398
1632369354.255,1.398,1.398
1632369354.554,1.4,1.398
1632369354.853,1.402,1.398
1632369355.152,1.404,1.398
1632369355.451,1.406,1.4
1632369355.754,1.406,1.4
1632369356.053,1.407,1.402
1632369356.352,1.407,1.402
1632369356.651,1.407,1.404
1632369356.95,1.409,1.404
1632369357.253,1.407,1.406
1632369357.552,1.406,1.406
1632369357.851,1.404,1.407
1632369358.15,1.404,1.407
1632369358.449,1.402,1.407
1632369358.752,1.402,1.407
1632369359.051,1.4,1.406
1632369359.35,1.398,1.406
1632369359.649,1.398,1.406
1632369359.952,1.396,1.404
1632369360.251,1.396,1.402
1632369360.55,1.396,1.402
1632369360.849,1.396,1.4
1632369361.149,1.396,1.4
1632369361.452,1.396,1.398
1632369361.751,1.398,1.398
1632369362.05,1.4,1.398
1632369362.349,1.4,1.398
1632369362.648,1.402,1.398
1632369362.951,1.404,1.398
1632369363.25,1.406,1.4
1632369363.549,1.407,1.4
1632369363.848,1.407,1.402
1632369364.147,1.407,1.402
1632369364.45,1.407,1.404
1632369364.749,1.409,1.406
1632369365.048,1.407,1.406
1632369365.347,1.406,1.407
1632369365.65,1.406,1.407
1632369365.949,1.404,1.407
1632369366.248,1.404,1.407
1632369366.547,1.402,1.407
1632369366.846,1.4,1.407
1632369367.15,1.398,1.406
1632369367.449,1.398,1.406
1632369367.748,1.396,1.404
1632369368.047,1.396,1.404
1632369368.346,1.396,1.402
1632369368.649,1.396,1.4
1632369368.948,1.396,1.4
1632369369.247,1.398,1.4
1632369369.546,1.398,1.398
1632369369.845,1.4,1.398
1632369370.148,1.4,1.398
1632369370.447,1.402,1.398
1632369370.746,1.404,1.398
1632369371.045,1.406,1.4
1632369371.348,1.407,1.4
1632369371.647,1.407,1.402
1632369371.946,1.407,1.402
1632369372.246,1.407,1.404
1632369372.545,1.407,1.406
1632369372.848,1.407,1.406
1632369373.147,1.406,1.406
1632369373.446,1.404,1.407
1632369373.745,1.404,1.407
1632369374.044,1.4,1.407
1632369374.347,1.4,1.407
1632369374.646,1.4,1.406
1632369374.945,1.398,1.406
1632369375.244,1.398,1.404
1632369375.543,1.396,1.404
1632369375.846,1.396,1.402
1632369376.145,1.396,1.402
1632369376.444,1.396,1.4
1632369376.743,1.396,1.4
1632369377.046,1.398,1.398
1632369377.345,1.398,1.398
1632369377.644,1.4,1.398
1632369377.944,1.402,1.398
1632369378.243,1.404,1.398
1632369378.546,1.406,1.4
1632369378.845,1.407,1.4
1632369379.144,1.407,1.402
1632369379.443,1.407,1.402
1632369379.742,1.407,1.404
1632369380.045,1.409,1.404
1632369380.344,1.407,1.406
1632369380.643,1.407,1.407
1632369380.942,1.406,1.407
1632369381.241,1.404,1.407
1632369381.544,1.404,1.407
1632369381.843,1.402,1.407
1632369382.142,1.4,1.407
1632369382.441,1.398,1.406
1632369382.74,1.398,1.406
1632369383.043,1.396,1.404
1632369383.342,1.396,1.404
1632369383.641,1.396,1.402
1632369383.94,1.396,1.4
1632369384.244,1.396,1.4
1632369384.542,1.396,1.4
1632369384.842,1.398,1.398
1632369385.141,1.398,1.398
1632369385.44,1.4,1.398
1632369385.743,1.402,1.398
1632369386.042,1.404,1.398
1632369386.341,1.406,1.4
1632369386.64,1.406,1.4
1632369386.939,1.407,1.402
1632369387.242,1.407,1.402
1632369387.541,1.407,1.404
1632369387.84,1.409,1.404
1632369388.139,1.409,1.406
1632369388.438,1.407,1.407
1632369388.741,1.406,1.407
1632369389.04,1.406,1.407
1632369389.339,1.404,1.407
1632369389.638,1.402,1.407
1632369389.942,1.4,1.407
1632369390.24,1.4,1.407
1632369390.54,1.398,1.406
1632369390.839,1.398,1.406
1632369391.138,1.396,1.404
1632369391.441,1.396,1.402
1632369391.74,1.396,1.402
1632369392.039,1.396,1.4
1632369392.338,1.398,1.4
1632369392.637,1.396,1.398
1632369392.94,1.398,1.398
1632369393.239,1.4,1.398
1632369393.538,1.402,1.398
1632369393.837,1.402,1.398
1632369394.136,1.404,1.398
1632369394.439,1.406,1.4
1632369394.738,1.406,1.4
1632369395.037,1.407,1.402
1632369395.336,1.407,1.402
1632369395.639,1.407,1.404
1632369395.938,1.407,1.406
1632369396.237,1.407,1.406
1632369396.536,1.406,1.406
1632369396.835,1.404,1.407
1632369397.138,1.404,1.407
1632369397.438,1.402,1.407
1632369397.737,1.4,1.407
1632369398.036,1.4,1.406
1632369398.335,1.398,1.406
1632369398.638,1.396,1.404
1632369398.937,1.396,1.404
1632369399.236,1.396,1.402
1632369399.535,1.396,1.402
1632369399.834,1.396,1.4
1632369400.137,1.396,1.4
1632369400.436,1.396,1.398
1632369400.735,1.398,1.398
1632369401.034,1.4,1.398
1632369401.337,1.402,1.398
1632369401.636,1.402,1.398
1632369401.935,1.404,1.398
1632369402.234,1.406,1.4
1632369402.534,1.407,1.4
1632369402.837,1.407,1.402
1632369403.136,1.407,1.402
1632369403.435,1.407,1.404
1632369403.734,1.407,1.406
1632369404.033,1.407,1.406
1632369404.336,1.406,1.407
1632369404.635,1.404,1.407
1632369404.934,1.404,1.407
1632369405.233,1.402,1.407
1632369405.532,1.4,1.407
1632369405.835,1.4,1.406
1632369406.134,1.398,1.406
1632369406.433,1.396,1.404
1632369406.732,1.396,1.404
1632369407.031,1.396,1.402
1632369407.334,1.396,1.402
1632369407.633,1.396,1.4
1632369407.933,1.396,1.4
1632369408.232,1.398,1.398
1632369408.535,1.398,1.398
1632369408.834,1.4,1.398
1632369409.132,1.402,1.398
1632369409.432,1.404,1.398
1632369409.731,1.404,1.4
1632369410.034,1.406,1.4
1632369410.333,1.407,1.4
1632369410.632,1.407,1.402
1632369410.931,1.407,1.404
1632369411.23,1.409,1.404
1632369411.533,1.409,1.406
1632369411.832,1.407,1.406
1632369412.131,1.406,1.407
1632369412.43,1.404,1.407
1632369412.729,1.404,1.407
1632369413.032,1.402,1.407
1632369413.331,1.4,1.407
1632369413.63,1.4,1.406
1632369413.929,1.398,1.406
1632369414.233,1.396,1.406
1632369414.532,1.396,1.404
1632369414.831,1.396,1.402
1632369415.13,1.396,1.402
1632369415.429,1.396,1.4
1632369415.732,1.396,1.4
1632369416.031,1.398,1.398
1632369416.33,1.398,1.398
1632369416.629,1.4,1.398
1632369416.928,1.402,1.398
1632369417.231,1.404,1.398
1632369417.53,1.406,1.4
1632369417.829,1.406,1.4
1632369418.128,1.407,1.402
1632369418.427,1.407,1.402
1632369418.73,1.407,1.404
1632369419.029,1.409,1.404
1632369419.328,1.409,1.406
1632369419.627,1.407,1.407
1632369419.931,1.406,1.407
1632369420.229,1.406,1.407
1632369420.529,1.404,1.407
1632369420.827,1.402,1.407
1632369421.127,1.4,1.407
1632369421.43,1.4,1.407
1632369421.729,1.398,1.406
1632369422.028,1.398,1.406
1632369422.327,1.396,1.404
1632369422.626,1.396,1.402
1632369422.929,1.396,1.402
1632369423.228,1.396,1.4
1632369423.527,1.398,1.4
1632369423.826,1.398,1.398
1632369424.125,1.398,1.398
1632369424.428,1.4,1.398
1632369424.727,1.402,1.398
1632369425.026,1.404,1.398
1632369425.325,1.406,1.4
1632369425.628,1.406,1.4
1632369425.927,1.407,1.402
1632369426.226,1.407,1.402
1632369426.525,1.407,1.404
1632369426.824,1.409,1.404
1632369427.127,1.409,1.406
1632369427.427,1.407,1.407
1632369427.726,1.406,1.407
1632369428.025,1.406,1.407
1632369428.324,1.404,1.407
1632369428.627,1.404,1.407
1632369428.926,1.402,1.407
1632369429.225,1.4,1.407
1632369429.524,1.4,1.406
1632369429.823,1.398,1.406
1632369430.126,1.398,1.404
1632369430.425,1.396,1.404
1632369430.724,1.398,1.402
1632369431.023,1.396,1.402
1632369431.322,1.398,1.4
1632369431.625,1.398,1.4
1632369431.924,1.4,1.4
1632369432.223,1.4,1.4
1632369432.522,1.402,1.4
1632369432.826,1.404,1.4
1632369433.125,1.404,1.4
1632369433.424,1.406,1.4
1632369433.723,1.407,1.402
1632369434.022,1.407,1.402
1632369434.325,1.407,1.404
1632369434.624,1.409,1.404
1632369434.923,1.409,1.406
1632369435.222,1.407,1.406
1632369435.521,1.406,1.407
1632369435.824,1.404,1.407
1632369436.123,1.404,1.407
1632369436.422,1.402,1.407
1632369436.721,1.4,1.407
1632369437.02,1.4,1.406
1632369437.323,1.398,1.406
1632369437.622,1.396,1.406
1632369437.922,1.396,1.404
1632369438.22,1.396,1.402
1632369438.523,1.396,1.402
1632369438.822,1.396,1.4
1632369439.121,1.398,1.4
1632369439.42,1.398,1.398
1632369439.72,1.398,1.398
1632369440.023,1.4,1.398
1632369440.322,1.402,1.398
1632369440.621,1.404,1.398
1632369440.92,1.406,1.4
1632369441.219,1.407,1.4
1632369441.522,1.407,1.402
1632369441.821,1.407,1.402
1632369442.12,1.407,1.404
1632369442.419,1.407,1.404
1632369442.718,1.407,1.406
1632369443.021,1.407,1.406
1632369443.32,1.406,1.407
1632369443.619,1.404,1.407
1632369443.918,1.404,1.407
1632369444.221,1.402,1.407
1632369444.52,1.4,1.407
1632369444.819,1.4,1.406
1632369445.119,1.398,1.406
1632369445.418,1.398,1.404
1632369445.721,1.396,1.404
1632369446.02,1.396,1.402
1632369446.319,1.396,1.402
1632369446.618,1.396,1.4
1632369446.917,1.396,1.4
1632369447.22,1.396,1.398
1632369447.519,1.398,1.398
1632369447.818,1.4,1.398
1632369448.117,1.402,1.398
1632369448.416,1.402,1.398
1632369448.719,1.404,1.398
1632369449.018,1.406,1.4
1632369449.317,1.407,1.4
1632369449.616,1.407,1.402
1632369449.919,1.407,1.402
1632369450.218,1.407,1.404
1632369450.517,1.409,1.406
1632369450.816,1.407,1.406
1632369451.116,1.406,1.407
1632369451.419,1.406,1.407
1632369451.718,1.404,1.407
1632369452.017,1.402,1.407
1632369452.316,1.4,1.407
1632369452.615,1.4,1.406
1632369452.918,1.398,1.406
1632369453.217,1.396,1.406
1632369453.516,1.396,1.404
1632369453.815,1.396,1.402
1632369454.114,1.396,1.402
1632369454.417,1.396,1.4
1632369454.716,1.396,1.4
1632369455.015,1.396,1.398
1632369455.314,1.398,1.398
1632369455.613,1.4,1.398
1632369455.916,1.402,1.398
1632369456.216,1.402,1.398
1632369456.515,1.404,1.398
1632369456.814,1.406,1.4
1632369457.117,1.407,1.4
1632369457.416,1.407,1.402
1632369457.715,1.409,1.402
1632369458.014,1.409,1.404
1632369458.313,1.409,1.406
1632369458.616,1.409,1.406
1632369458.915,1.407,1.407
1632369459.214,1.407,1.407
1632369459.513,1.406,1.409
1632369459.812,1.404,1.409
1632369460.115,1.402,1.409
1632369460.414,1.402,1.407
1632369460.713,1.4,1.407
1632369461.012,1.398,1.406
1632369461.311,1.398,1.406
1632369461.614,1.396,1.404
1632369461.913,1.396,1.404
1632369462.212,1.396,1.402
1632369462.512,1.396,1.4
1632369462.815,1.398,1.4
1632369463.114,1.398,1.4
1632369463.413,1.4,1.398
1632369463.712,1.4,1.398
1632369464.011,1.402,1.398
1632369464.314,1.404,1.398
1632369464.613,1.406,1.4
1632369464.912,1.407,1.4
1632369465.211,1.407,1.402
1632369465.51,1.409,1.402
1632369465.813,1.409,1.404
1632369466.112,1.409,1.406
1632369466.411,1.409,1.406
1632369466.71,1.407,1.407
1632369467.009,1.406,1.407
1632369467.312,1.406,1.407
1632369467.611,1.404,1.409
1632369467.91,1.402,1.407
1632369468.21,1.4,1.407
1632369468.513,1.4,1.407
1632369468.812,1.4,1.406
1632369469.111,1.398,1.406
1632369469.41,1.398,1.404
1632369469.709,1.398,1.404
1632369470.012,1.396,1.402
1632369470.311,1.398,1.402
1632369470.61,1.398,1.4
1632369470.909,1.4,1.4
1632369471.208,1.402,1.4
1632369471.511,1.402,1.4
1632369471.81,1.404,1.4
1632369472.109,1.406,1.4
1632369472.408,1.406,1.402
1632369472.707,1.407,1.402
1632369473.01,1.409,1.402
1632369473.309,1.409,1.404
1632369473.608,1.409,1.406
1632369473.907,1.409,1.406
1632369474.21,1.409,1.407
1632369474.509,1.407,1.407
1632369474.809,1.406,1.409
1632369475.108,1.406,1.409
1632369475.407,1.404,1.409
1632369475.71,1.402,1.409
1632369476.009,1.4,1.407
1632369476.308,1.4,1.407
1632369476.607,1.398,1.406
1632369476.906,1.398,1.406
1632369477.209,1.398,1.404
1632369477.508,1.398,1.402
1632369477.807,1.398,1.402
1632369478.106,1.398,1.402
1632369478.405,1.398,1.4
1632369478.708,1.4,1.4
1632369479.007,1.4,1.4
1632369479.306,1.402,1.4
1632369479.605,1.404,1.4
1632369479.904,1.406,1.4
1632369480.207,1.406,1.402
1632369480.507,1.407,1.402
1632369480.805,1.407,1.402
1632369481.105,1.409,1.404
1632369481.408,1.409,1.406
1632369481.707,1.409,1.406
1632369482.006,1.409,1.407
1632369482.305,1.407,1.407
1632369482.604,1.407,1.407
1632369482.907,1.406,1.409
1632369483.206,1.406,1.409
1632369483.505,1.404,1.409
1632369483.804,1.402,1.407
1632369484.103,1.4,1.407
1632369484.406,1.398,1.407
1632369484.705,1.398,1.406
1632369485.004,1.398,1.404
1632369485.303,1.398,1.404
1632369485.602,1.398,1.402
1632369485.905,1.398,1.402
1632369486.205,1.398,1.4
1632369486.503,1.4,1.4
1632369486.803,1.4,1.4
1632369487.106,1.402,1.4
1632369487.405,1.402,1.4
1632369487.704,1.404,1.4
1632369488.003,1.406,1.4
1632369488.302,1.406,1.402
1632369488.605,1.407,1.402
1632369488.904,1.409,1.404
1632369489.203,1.409,1.404
1632369489.502,1.409,1.406
1632369489.801,1.409,1.406
1632369490.104,1.407,1.407
1632369490.403,1.406,1.407
1632369490.702,1.406,1.407
1632369491.001,1.404,1.407
1632369491.3,1.404,1.407
1632369491.603,1.402,1.407
1632369491.902,1.402,1.407
1632369492.201,1.4,1.407
1632369492.501,1.4,1.406
1632369492.804,1.398,1.406
1632369493.103,1.398,1.404
1632369493.402,1.398,1.402
1632369493.701,1.398,1.402
1632369494.0,1.398,1.402
1632369494.303,1.398,1.4
1632369494.602,1.4,1.4
1632369494.901,1.4,1.4
1632369495.2,1.4,1.4
1632369495.499,1.402,1.4
1632369495.802,1.404,1.4
1632369496.101,1.406,1.4
1632369496.4,1.406,1.402
1632369496.699,1.407,1.402
1632369496.998,1.407,1.404
1632369497.301,1.409,1.404
1632369497.6,1.409,1.406
1632369497.899,1.409,1.406
1632369498.199,1.407,1.407
1632369498.501,1.407,1.407
1632369498.8,1.406,1.407
1632369499.1,1.406,1.407
1632369499.399,1.404,1.407
1632369499.698,1.402,1.407
1632369500.001,1.4,1.407
1632369500.3,1.4,1.407
1632369500.599,1.398,1.406
1632369500.898,1.398,1.406
1632369501.197,1.398,1.404
1632369501.5,1.398,1.402
1632369501.799,1.398,1.402
1632369502.098,1.398,1.402
1632369502.397,1.398,1.4
1632369502.696,1.4,1.4
1632369502.999,1.4,1.4
1632369503.298,1.402,1.4
1632369503.597,1.404,1.4
1632369503.896,1.404,1.4
1632369504.199,1.406,1.4
1632369504.499,1.407,1.402
1632369504.798,1.407,1.402
1632369505.096,1.409,1.404
1632369505.396,1.409,1.404
1632369505.699,1.409,1.406
1632369505.998,1.407,1.407
1632369506.297,1.407,1.407
1632369506.596,1.406,1.407
1632369506.895,1.406,1.407
1632369507.198,1.404,1.407
1632369507.497,1.402,1.407
1632369507.796,1.4,1.407
1632369508.095,1.4,1.407
1632369508.394,1.398,1.406
1632369508.697,1.398,1.406
1632369508.996,1.398,1.404
1632369509.295,1.398,1.402
1632369509.594,1.398,1.402
1632369509.893,1.398,1.402
1632369510.196,1.398,1.4
1632369510.496,1.4,1.4
1632369510.794,1.4,1.4
1632369511.094,1.402,1.4
1632369511.397,1.404,1.4
1632369511.696,1.406,1.4
1632369511.995,1.406,1.402
1632369512.294,1.407,1.402
1632369512.593,1.407,1.402
1632369512.896,1.409,1.404
1632369513.195,1.409,1.406
1632369513.494,1.409,1.406
1632369513.793,1.409,1.407
1632369514.092,1.407,1.407
1632369514.395,1.407,1.407
1632369514.694,1.406,1.409
1632369514.993,1.404,1.409
1632369515.292,1.404,1.409
1632369515.591,1.402,1.407
1632369515.894,1.4,1.407
1632369516.193,1.398,1.407
1632369516.492,1.398,1.406
1632369516.792,1.398,1.404
1632369517.094,1.398,1.404
1632369517.394,1.398,1.402
1632369517.693,1.398,1.402
1632369517.992,1.398,1.4
1632369518.291,1.398,1.4
1632369518.594,1.4,1.4
1632369518.893,1.4,1.4
1632369519.192,1.402,1.4
1632369519.491,1.404,1.4
1632369519.79,1.406,1.4
1632369520.093,1.406,1.402
1632369520.392,1.407,1.402
1632369520.691,1.409,1.402
1632369520.99,1.409,1.404
1632369521.289,1.409,1.406
1632369521.592,1.409,1.406
1632369521.891,1.407,1.407
1632369522.19,1.407,1.407
1632369522.489,1.406,1.407
1632369522.792,1.406,1.409
1632369523.092,1.404,1.409
1632369523.391,1.402,1.407
1632369523.69,1.4,1.407
1632369523.989,1.4,1.407
1632369524.292,1.4,1.406
1632369524.591,1.398,1.406
1632369524.89,1.398,1.404
1632369525.189,1.398,1.404
1632369525.488,1.398,1.402
1632369525.791,1.398,1.402
1632369526.09,1.4,1.4
1632369526.389,1.4,1.4
1632369526.688,1.402,1.4
1632369526.987,1.404,1.4
1632369527.29,1.406,1.4
1632369527.589,1.406,1.402
1632369527.888,1.407,1.402
1632369528.187,1.409,1.402
1632369528.49,1.409,1.404
1632369528.789,1.409,1.406
1632369529.088,1.411,1.406
1632369529.387,1.409,1.407
1632369529.687,1.407,1.407
1632369529.99,1.407,1.409
1632369530.289,1.406,1.409
1632369530.588,1.404,1.409
1632369530.887,1.402,1.409
1632369531.186,1.4,1.407
1632369531.489,1.4,1.407
1632369531.788,1.398,1.406
1632369532.087,1.398,1.406
1632369532.386,1.398,1.404
1632369532.685,1.396,1.404
1632369532.988,1.398,1.402
1632369533.287,1.398,1.4
1632369533.586,1.398,1.4
1632369533.885,1.4,1.4
1632369534.184,1.4,1.4
1632369534.487,1.402,1.4
1632369534.786,1.404,1.4
1632369535.086,1.406,1.4
1632369535.385,1.407,1.4
1632369535.688,1.407,1.402
1632369535.987,1.409,1.404
1632369536.286,1.409,1.404
1632369536.585,1.409,1.406
1632369536.884,1.411,1.406
1632369537.187,1.409,1.407
1632369537.486,1.407,1.407
1632369537.785,1.407,1.409
1632369538.084,1.406,1.409
1632369538.383,1.404,1.409
1632369538.686,1.402,1.409
1632369538.985,1.4,1.407
1632369539.284,1.4,1.407
1632369539.583,1.4,1.406
1632369539.882,1.398,1.406
1632369540.185,1.398,1.404
1632369540.484,1.398,1.404
1632369540.783,1.398,1.402
1632369541.083,1.398,1.402
1632369541.386,1.4,1.4
1632369541.685,1.4,1.4
1632369541.984,1.402,1.4
1632369542.283,1.402,1.4
1632369542.582,1.404,1.4
1632369542.885,1.406,1.4
1632369543.184,1.407,1.402
1632369543.483,1.407,1.402
1632369543.782,1.409,1.404
1632369544.081,1.409,1.404
1632369544.384,1.411,1.406
1632369544.683,1.409,1.407
1632369544.982,1.409,1.407
1632369545.281,1.409,1.407
1632369545.58,1.407,1.409
1632369545.883,1.406,1.409
1632369546.182,1.406,1.409
1632369546.481,1.404,1.409
1632369546.781,1.402,1.409
1632369547.084,1.4,1.407
1632369547.383,1.4,1.407
1632369547.682,1.4,1.406
1632369547.981,1.398,1.406
1632369548.28,1.398,1.404
1632369548.583,1.398,1.404
1632369548.882,1.398,1.402
1632369549.181,1.398,1.402
1632369549.48,1.4,1.4
1632369549.779,1.4,1.4
1632369550.082,1.402,1.4
1632369550.381,1.402,1.4
1632369550.68,1.404,1.4
1632369550.979,1.406,1.4
1632369551.278,1.407,1.402
1632369551.581,1.407,1.402
1632369551.88,1.409,1.404
1632369552.179,1.409,1.404
1632369552.478,1.409,1.406
1632369552.781,1.409,1.406
1632369553.08,1.409,1.407
1632369553.38,1.407,1.407
1632369553.679,1.406,1.409
1632369553.978,1.406,1.409
1632369554.281,1.404,1.409
1632369554.58,1.402,1.409
1632369554.879,1.4,1.407
1632369555.178,1.4,1.407
1632369555.477,1.4,1.406
1632369555.78,1.398,1.406
1632369556.079,1.398,1.404
1632369556.378,1.398,1.404
1632369556.677,1.398,1.402
1632369556.976,1.398,1.402
1632369557.279,1.398,1.4
1632369557.578,1.4,1.4
1632369557.877,1.4,1.4
1632369558.176,1.402,1.4
1632369558.479,1.404,1.4
1632369558.778,1.406,1.4
1632369559.077,1.407,1.402
1632369559.377,1.407,1.402
1632369559.676,1.409,1.404
1632369559.979,1.409,1.404
1632369560.278,1.409,1.406
1632369560.577,1.409,1.406
1632369560.876,1.409,1.407
1632369561.175,1.407,1.407
1632369561.478,1.407,1.409
1632369561.777,1.406,1.409
1632369562.076,1.404,1.409
1632369562.375,1.404,1.409
1632369562.674,1.402,1.407
1632369562.977,1.402,1.407
1632369563.276,1.398,1.407
1632369563.575,1.398,1.406
1632369563.874,1.398,1.404
1632369564.173,1.398,1.404
1632369564.476,1.398,1.402
1632369564.775,1.398,1.402
1632369565.075,1.398,1.4
1632369565.374,1.4,1.4
1632369565.677,1.4,1.4
1632369565.976,1.402,1.4
1632369566.275,1.404,1.4
1632369566.574,1.406,1.4
1632369566.873,1.407,1.402
1632369567.176,1.407,1.402
1632369567.475,1.409,1.404
1632369567.774,1.409,1.404
1632369568.073,1.409,1.406
1632369568.372,1.409,1.406
1632369568.675,1.409,1.407
1632369568.974,1.409,1.407
1632369569.273,1.407,1.409
1632369569.572,1.407,1.409
1632369569.871,1.406,1.409
1632369570.174,1.404,1.409
1632369570.473,1.402,1.409
1632369570.772,1.4,1.407
1632369571.072,1.4,1.407
1632369571.375,1.4,1.406
1632369571.674,1.398,1.406
1632369571.973,1.398,1.404
1632369572.272,1.398,1.404
1632369572.571,1.398,1.402
1632369572.874,1.4,1.402
1632369573.173,1.4,1.4
1632369573.472,1.402,1.4
1632369573.771,1.402,1.4
1632369574.07,1.404,1.4
1632369574.373,1.404,1.4
1632369574.672,1.406,1.402
1632369574.971,1.406,1.402
1632369575.27,1.409,1.402
1632369575.569,1.409,1.404
1632369575.872,1.409,1.406
1632369576.171,1.409,1.406
1632369576.47,1.409,1.407
1632369576.769,1.409,1.407
1632369577.072,1.409,1.407
1632369577.372,1.407,1.409
1632369577.671,1.406,1.409
1632369577.97,1.406,1.409
1632369578.269,1.404,1.409
1632369578.572,1.402,1.409
1632369578.871,1.4,1.407
1632369579.17,1.4,1.407
1632369579.469,1.4,1.406
1632369579.768,1.398,1.406
1632369580.071,1.398,1.404
1632369580.37,1.398,1.404
1632369580.669,1.398,1.402
1632369580.968,1.4,1.402
1632369581.267,1.402,1.4
1632369581.57,1.402,1.4
1632369581.869,1.402,1.4
1632369582.168,1.404,1.4
1632369582.467,1.406,1.402
1632369582.77,1.407,1.402
1632369583.069,1.407,1.402
1632369583.369,1.409,1.404
1632369583.668,1.409,1.404
1632369583.967,1.409,1.406
1632369584.27,1.409,1.407
1632369584.569,1.409,1.407
1632369584.868,1.409,1.407
1632369585.167,1.407,1.409
1632369585.466,1.406,1.409
1632369585.769,1.406,1.409
1632369586.068,1.404,1.409
1632369586.367,1.402,1.409
1632369586.666,1.402,1.407
1632369586.965,1.4,1.407
1632369587.268,1.4,1.406
1632369587.567,1.4,1.406
1632369587.866,1.398,1.404
1632369588.165,1.398,1.404
1632369588.468,1.398,1.402
1632369588.767,1.4,1.402
1632369589.066,1.4,1.402
1632369589.366,1.402,1.4
1632369589.665,1.402,1.4
1632369589.968,1.404,1.4
1632369590.267,1.406,1.402
1632369590.566,1.407,1.402
1632369590.865,1.407,1.402
1632369591.164,1.409,1.404
1632369591.467,1.409,1.404
1632369591.766,1.409,1.406
1632369592.065,1.409,1.406
1632369592.364,1.409,1.407
1632369592.663,1.407,1.407
1632369592.966,1.407,1.409
1632369593.265,1.406,1.409
1632369593.564,1.406,1.409
1632369593.863,1.404,1.409
1632369594.166,1.402,1.409
1632369594.465,1.4,1.407
1632369594.764,1.4,1.407
1632369595.063,1.398,1.406
1632369595.362,1.398,1.406
1632369595.666,1.398,1.404
1632369595.964,1.398,1.402
1632369596.264,1.398,1.402
1632369596.563,1.4,1.402
1632369596.862,1.4,1.4
1632369597.165,1.4,1.4
1632369597.464,1.402,1.4
1632369597.763,1.402,1.4
1632369598.062,1.404,1.4
1632369598.361,1.406,1.4
1632369598.664,1.407,1.402
1632369598.963,1.407,1.402
1632369599.262,1.409,1.404
1632369599.561,1.409,1.404
1632369599.86,1.409,1.406
1632369600.163,1.409,1.406
1632369600.462,1.407,1.407
1632369600.761,1.407,1.407
1632369601.06,1.406,1.409
1632369601.363,1.404,1.409
1632369601.663,1.404,1.409
1632369601.962,1.402,1.407
1632369602.261,1.4,1.407
1632369602.56,1.4,1.407
1632369602.863,1.398,1.406
1632369603.162,1.398,1.404
1632369603.461,1.398,1.404
1632369603.76,1.398,1.402
1632369604.059,1.398,1.402
1632369604.362,1.398,1.4
1632369604.661,1.4,1.4
1632369604.96,1.4,1.4
1632369605.259,1.402,1.4
1632369605.558,1.402,1.4
1632369605.861,1.406,1.4
1632369606.16,1.407,1.4
1632369606.459,1.407,1.402
1632369606.758,1.409,1.402
1632369607.061,1.409,1.404
1632369607.36,1.409,1.406
1632369607.659,1.411,1.406
1632369607.959,1.409,1.407
1632369608.258,1.409,1.407
1632369608.561,1.407,1.409
1632369608.86,1.402,1.409
1632369609.159,1.406,1.409
1632369609.458,1.404,1.409
1632369609.757,1.402,1.409
1632369610.06,1.4,1.407
1632369610.359,1.4,1.407
1632369610.658,1.4,1.406
1632369610.957,1.398,1.406
1632369611.256,1.398,1.404
1632369611.559,1.398,1.402
1632369611.858,1.4,1.402
1632369612.157,1.4,1.402
1632369612.456,1.4,1.4
1632369612.759,1.402,1.4
1632369613.058,1.402,1.4
1632369613.357,1.404,1.4
1632369613.657,1.406,1.402
1632369613.956,1.406,1.402
1632369614.259,1.407,1.402
1632369614.558,1.407,1.404
1632369614.857,1.407,1.404
1632369615.156,1.409,1.406
1632369615.455,1.409,1.406
1632369615.758,1.409,1.407
1632369616.057,1.407,1.407
1632369616.356,1.407,1.407
1632369616.655,1.406,1.409
1632369616.954,1.406,1.409
1632369617.257,1.404,1.409
1632369617.556,1.402,1.407
1632369617.855,1.402,1.407
1632369618.154,1.4,1.407
1632369618.457,1.396,1.406
1632369618.756,1.394,1.406
1632369619.055,1.398,1.404
1632369619.354,1.4,1.402
1632369619.653,1.4,1.402
1632369619.956,1.4,1.402
1632369620.255,1.402,1.4
1632369620.554,1.402,1.4
1632369620.854,1.402,1.4
1632369621.153,1.404,1.4
1632369621.456,1.406,1.4
1632369621.755,1.407,1.402
1632369622.054,1.409,1.404
1632369622.353,1.409,1.404
1632369622.652,1.409,1.406
1632369622.955,1.409,1.406
1632369623.254,1.409,1.407
1632369623.553,1.409,1.407
1632369623.852,1.407,1.407
1632369624.155,1.407,1.409
1632369624.454,1.406,1.409
1632369624.753,1.406,1.409
1632369625.052,1.404,1.409
1632369625.351,1.402,1.409
1632369625.654,1.402,1.407
1632369625.953,1.4,1.407
1632369626.253,1.4,1.406
1632369626.552,1.4,1.406
1632369626.851,1.4,1.404
1632369627.154,1.4,1.404
1632369627.453,1.4,1.402
1632369627.752,1.4,1.402
1632369628.051,1.402,1.402
1632369628.35,1.402,1.402
1632369628.653,1.404,1.402
1632369628.952,1.406,1.402
1632369629.251,1.406,1.402
1632369629.55,1.407,1.402
1632369629.849,1.407,1.404
1632369630.152,1.409,1.404
1632369630.451,1.409,1.406
1632369630.75,1.411,1.406
1632369631.049,1.409,1.407
1632369631.352,1.409,1.407
1632369631.651,1.407,1.409
1632369631.95,1.407,1.409
1632369632.249,1.406,1.409
1632369632.548,1.406,1.409
1632369632.852,1.404,1.409
1632369633.151,1.402,1.409
1632369633.45,1.4,1.407
1632369633.749,1.4,1.407
1632369634.048,1.4,1.406
1632369634.351,1.4,1.406
1632369634.65,1.4,1.404
1632369634.949,1.4,1.404
1632369635.248,1.4,1.402
1632369635.547,1.4,1.402
1632369635.85,1.402,1.402
1632369636.149,1.402,1.402
1632369636.448,1.404,1.402
1632369636.747,1.404,1.402
1632369637.05,1.406,1.402
1632369637.349,1.407,1.402
1632369637.648,1.409,1.404
1632369637.947,1.409,1.404
1632369638.246,1.411,1.406
1632369638.55,1.411,1.406
1632369638.849,1.409,1.407
1632369639.148,1.409,1.407
1632369639.447,1.409,1.409
1632369639.746,1.407,1.409
1632369640.049,1.406,1.409
1632369640.348,1.406,1.409
1632369640.647,1.404,1.409
1632369640.946,1.402,1.409
1632369641.245,1.4,1.407
1632369641.548,1.4,1.407
1632369641.847,1.4,1.406
1632369642.146,1.4,1.406
1632369642.445,1.4,1.404
1632369642.748,1.4,1.404
1632369643.047,1.402,1.402
1632369643.346,1.402,1.402
1632369643.646,1.402,1.402
1632369643.945,1.404,1.402
1632369644.248,1.404,1.402
1632369644.547,1.406,1.402
1632369644.846,1.407,1.402
1632369645.145,1.407,1.404
1632369645.444,1.407,1.404
1632369645.747,1.409,1.406
1632369646.046,1.413,1.406
1632369646.345,1.411,1.407
1632369646.644,1.411,1.407
1632369646.943,1.413,1.409
1632369647.246,1.413,1.409
1632369647.545,1.413,1.411
1632369647.844,1.413,1.411
1632369648.143,1.413,1.411
1632369648.446,1.413,1.413
1632369648.745,1.413,1.413
1632369649.044,1.413,1.413
1632369649.344,1.413,1.413
1632369649.642,1.413,1.413
1632369649.946,1.413,1.413
1632369650.245,1.413,1.413
1632369650.544,1.413,1.413
1632369650.843,1.413,1.413
1632369651.142,1.413,1.413
1632369651.445,1.413,1.413
1632369651.744,1.413,1.413
1632369652.043,1.413,1.413
1632369652.342,1.413,1.413
1632369652.641,1.413,1.413
1632369652.944,1.413,1.413
1632369653.243,1.413,1.413
1632369653.542,1.413,1.413
1632369653.841,1.413,1.413
1632369654.144,1.413,1.413
1632369654.443,1.413,1.413
1632369654.742,1.413,1.413
1632369655.041,1.413,1.413
1632369655.34,1.413,1.413
1632369655.643,1.413,1.413
1632369655.943,1.413,1.413
1632369656.242,1.413,1.413
1632369656.541,1.413,1.413
1632369656.84,1.413,1.413
1632369657.143,1.413,1.413
1632369657.442,1.413,1.413
1632369657.741,1.413,1.413
1632369658.04,1.411,1.413
1632369658.339,1.413,1.413
1632369658.642,1.413,1.413
1632369658.941,1.413,1.413
1632369659.24,1.413,1.413
1632369659.539,1.413,1.413
1632369659.842,1.415,1.413
1632369660.141,1.415,1.413
1632369660.44,1.415,1.415
1632369660.739,1.417,1.415
1632369661.038,1.417,1.415
1632369661.341,1.417,1.415
1632369661.64,1.417,1.415
1632369661.939,1.415,1.417
1632369662.239,1.415,1.417
1632369662.538,1.415,1.417
1632369662.84,1.415,1.417
1632369663.14,1.415,1.417
1632369663.439,1.415,1.417
1632369663.738,1.413,1.417
1632369664.037,1.413,1.417
1632369664.34,1.411,1.415
1632369664.639,1.411,1.415
1632369664.938,1.409,1.415
1632369665.237,1.407,1.415
1632369665.54,1.406,1.413
1632369665.839,1.406,1.413
1632369666.138,1.404,1.411
1632369666.437,1.404,1.411
1632369666.736,1.402,1.409
1632369667.039,1.4,1.407
1632369667.338,1.4,1.407
1632369667.637,1.4,1.406
1632369667.937,1.4,1.404
1632369668.236,1.4,1.404
1632369668.539,1.4,1.404
1632369668.838,1.4,1.402
1632369669.137,1.4,1.402
1632369669.436,1.402,1.402
1632369669.735,1.402,1.402
1632369670.038,1.404,1.402
1632369670.337,1.406,1.402
1632369670.636,1.406,1.402
1632369670.935,1.407,1.402
1632369671.238,1.407,1.404
1632369671.537,1.409,1.404
1632369671.836,1.409,1.406
1632369672.135,1.411,1.406
1632369672.434,1.411,1.407
1632369672.737,1.411,1.407
1632369673.036,1.411,1.409
1632369673.335,1.409,1.409
1632369673.634,1.409,1.409
1632369673.934,1.407,1.411
1632369674.237,1.406,1.411
1632369674.536,1.406,1.411
1632369674.835,1.404,1.409
1632369675.134,1.402,1.409
1632369675.433,1.402,1.409
1632369675.736,1.4,1.407
1632369676.035,1.4,1.406
1632369676.334,1.4,1.406
1632369676.633,1.4,1.404
1632369676.936,1.4,1.404
1632369677.235,1.4,1.402
1632369677.534,1.4,1.402
1632369677.833,1.4,1.402
1632369678.132,1.402,1.402
1632369678.435,1.404,1.402
1632369678.734,1.404,1.402
1632369679.033,1.406,1.402
1632369679.332,1.407,1.402
1632369679.632,1.407,1.404
1632369679.935,1.409,1.404
1632369680.234,1.409,1.406
1632369680.533,1.411,1.406
1632369680.832,1.411,1.407
1632369681.131,1.411,1.407
1632369681.434,1.411,1.409
1632369681.733,1.409,1.409
1632369682.032,1.409,1.409
1632369682.331,1.407,1.411
1632369682.634,1.406,1.411
1632369682.933,1.404,1.411
1632369683.232,1.402,1.409
1632369683.531,1.4,1.409
1632369683.83,1.4,1.407
1632369684.133,1.4,1.407
1632369684.432,1.4,1.406
1632369684.731,1.4,1.404
1632369685.03,1.4,1.404
1632369685.329,1.4,1.402
1632369685.632,1.4,1.402
1632369685.931,1.402,1.402
1632369686.23,1.402,1.402
1632369686.53,1.404,1.402
1632369686.829,1.406,1.402
1632369687.132,1.406,1.402
1632369687.431,1.407,1.402
1632369687.73,1.409,1.404
1632369688.029,1.409,1.404
1632369688.328,1.411,1.406
1632369688.631,1.411,1.406
1632369688.93,1.411,1.407
1632369689.229,1.411,1.409
1632369689.528,1.411,1.409
1632369689.831,1.409,1.409
1632369690.13,1.409,1.411
1632369690.429,1.407,1.411
1632369690.728,1.406,1.411
1632369691.027,1.406,1.411
1632369691.33,1.404,1.409
1632369691.629,1.402,1.409
1632369691.929,1.402,1.409
1632369692.228,1.4,1.407
1632369692.527,1.4,1.406
1632369692.83,1.4,1.406
1632369693.129,1.4,1.404
1632369693.428,1.4,1.404
1632369693.727,1.4,1.402
1632369694.026,1.4,1.402
1632369694.329,1.4,1.402
1632369694.628,1.4,1.402
1632369694.927,1.402,1.402
1632369695.226,1.404,1.402
1632369695.529,1.404,1.402
1632369695.828,1.406,1.402
1632369696.127,1.406,1.402
1632369696.426,1.407,1.404
1632369696.725,1.409,1.404
1632369697.028,1.409,1.404
1632369697.327,1.411,1.406
1632369697.626,1.411,1.407
1632369697.926,1.411,1.407
1632369698.225,1.411,1.409
1632369698.528,1.411,1.409
1632369698.827,1.411,1.409
1632369699.126,1.411,1.411
1632369699.425,1.409,1.411
1632369699.724,1.407,1.411
1632369700.027,1.407,1.411
1632369700.326,1.406,1.411
1632369700.625,1.404,1.411
1632369700.924,1.404,1.409
1632369701.227,1.402,1.409
1632369701.526,1.4,1.407
1632369701.825,1.4,1.407
1632369702.124,1.4,1.406
1632369702.423,1.4,1.406
1632369702.726,1.4,1.404
1632369703.025,1.4,1.404
1632369703.324,1.4,1.402
1632369703.623,1.4,1.402
1632369703.923,1.4,1.402
1632369704.226,1.402,1.402
1632369704.525,1.402,1.402
1632369704.823,1.404,1.402
1632369705.123,1.404,1.402
1632369705.422,1.406,1.402
1632369705.725,1.407,1.402
1632369706.024,1.407,1.404
1632369706.323,1.409,1.404
1632369706.622,1.409,1.406
1632369706.925,1.411,1.406
1632369707.224,1.411,1.407
1632369707.523,1.411,1.407
1632369707.822,1.411,1.409
1632369708.121,1.411,1.409
1632369708.424,1.411,1.411
1632369708.723,1.409,1.411
1632369709.022,1.407,1.411
1632369709.321,1.406,1.411
1632369709.62,1.406,1.411
1632369709.923,1.404,1.411
1632369710.222,1.404,1.409
1632369710.521,1.404,1.409
1632369733.946,1.364,1.36
1632369733.949,1.366,1.362
1632369733.95,1.37,1.362
1632369733.952,1.374,1.362
1632369733.953,1.376,1.364
1632369733.954,1.38,1.366
1632369733.956,1.384,1.368
1632369733.957,1.388,1.37
1632369733.958,1.392,1.374
1632369735.083,1.344,4.74
1632369735.382,1.35,1.344
1632369735.681,1.358,1.344
1632369735.984,1.362,1.346
1632369736.283,1.368,1.348
1632369736.582,1.372,1.35
1632369736.881,1.378,1.354
1632369737.184,1.382,1.358
1632369737.483,1.386,1.362
1632369737.782,1.39,1.366
1632369738.081,1.392,1.37
1632369738.381,1.394,1.374
1632369738.684,1.396,1.38
1632369738.983,1.396,1.382
1632369739.282,1.396,1.386
1632369739.581,1.396,1.39
1632369739.88,1.396,1.392
1632369740.183,1.396,1.394
1632369740.511,1.394,1.394
1632369740.781,1.394,1.396
1632369741.08,1.394,1.396
1632369741.395,1.394,1.396
1632369741.682,1.394,1.396
1632369741.981,1.394,1.396
1632369742.28,1.394,1.396
1632369742.579,1.396,1.396
1632369742.882,1.396,1.396
1632369743.181,1.398,1.396
1632369743.48,1.4,1.396
1632369743.779,1.402,1.396
1632369744.091,1.402,1.398
1632369744.382,1.404,1.398
1632369744.681,1.406,1.398
1632369744.979,1.407,1.4
1632369745.307,1.407,1.402
1632369745.578,1.409,1.402
1632369745.881,1.409,1.404
1632369746.192,1.409,1.406
1632369746.479,1.411,1.406
1632369746.778,1.409,1.407
1632369747.077,1.409,1.407
1632369747.405,1.407,1.409
1632369747.679,1.407,1.409
1632369747.978,1.406,1.409
1632369748.289,1.406,1.409
1632369748.58,1.406,1.409
1632369748.879,1.402,1.409
1632369749.178,1.402,1.407
1632369749.477,1.4,1.407
1632369749.776,1.4,1.406
1632369750.079,1.4,1.406
1632369750.379,1.4,1.404
1632369750.678,1.4,1.404
1632369750.977,1.4,1.404
1632369751.276,1.4,1.402
1632369751.579,1.4,1.402
1632369751.878,1.402,1.402
1632369752.177,1.402,1.402
1632369752.476,1.404,1.402
1632369752.775,1.404,1.402
1632369753.078,1.406,1.402
1632369753.377,1.407,1.402
1632369753.676,1.407,1.404
1632369753.975,1.409,1.404
1632369754.278,1.409,1.406
1632369754.577,1.411,1.406
1632369754.876,1.411,1.407
1632369755.175,1.411,1.407
1632369755.474,1.411,1.409
1632369755.777,1.409,1.409
1632369756.076,1.409,1.409
1632369756.375,1.407,1.411
1632369756.675,1.406,1.411
1632369756.973,1.406,1.411
1632369757.277,1.404,1.409
1632369757.576,1.402,1.409
1632369757.875,1.402,1.409
1632369758.174,1.4,1.407
1632369758.473,1.4,1.406
1632369758.776,1.4,1.406
1632369759.075,1.4,1.404
1632369759.374,1.4,1.404
1632369759.673,1.4,1.402
1632369759.976,1.4,1.402
1632369760.275,1.4,1.402
1632369760.574,1.402,1.402
1632369760.873,1.402,1.402
1632369761.172,1.404,1.402
1632369761.475,1.404,1.402
1632369761.774,1.406,1.402
1632369762.073,1.407,1.402
1632369762.373,1.409,1.404
1632369762.672,1.409,1.404
1632369762.975,1.411,1.406
1632369763.274,1.411,1.406
1632369763.573,1.411,1.407
1632369763.872,1.411,1.407
1632369764.171,1.411,1.409
1632369764.474,1.411,1.409
1632369764.773,1.411,1.411
1632369765.072,1.409,1.411
1632369765.371,1.407,1.411
1632369765.674,1.407,1.411
1632369765.973,1.406,1.411
1632369766.272,1.404,1.411
1632369766.571,1.402,1.409
1632369766.87,1.4,1.409
1632369767.173,1.4,1.407
1632369767.472,1.4,1.407
1632369767.771,1.4,1.406
1632369768.07,1.4,1.404
1632369768.369,1.4,1.404
1632369768.673,1.4,1.402
1632369768.972,1.4,1.402
1632369769.271,1.402,1.402
1632369769.57,1.402,1.402
1632369769.869,1.402,1.402
1632369770.172,1.404,1.402
1632369770.471,1.406,1.402
1632369770.77,1.406,1.402
1632369771.069,1.407,1.404
1632369771.372,1.409,1.404
1632369771.671,1.409,1.404
1632369771.97,1.411,1.406
1632369772.269,1.411,1.407
1632369772.568,1.411,1.407
1632369772.871,1.411,1.409
1632369773.17,1.411,1.409
1632369773.469,1.411,1.409
1632369773.768,1.411,1.411
1632369774.067,1.409,1.411
1632369774.37,1.407,1.411
1632369774.67,1.406,1.411
1632369774.969,1.406,1.411
1632369775.268,1.404,1.411
1632369775.566,1.402,1.409
1632369775.87,1.402,1.409
1632369776.169,1.4,1.407
1632369776.468,1.4,1.407
1632369776.767,1.4,1.406
1632369777.07,1.4,1.404
1632369777.369,1.4,1.404
1632369777.668,1.398,1.402
1632369777.967,1.4,1.402
1632369778.266,1.4,1.402
1632369778.569,1.4,1.402
1632369778.868,1.402,1.4
1632369779.167,1.402,1.4
1632369779.466,1.404,1.402
1632369779.765,1.404,1.402
1632369780.068,1.406,1.402
1632369780.368,1.407,1.402
1632369780.667,1.407,1.404
1632369780.966,1.409,1.404
1632369781.265,1.409,1.406
1632369781.568,1.409,1.406
1632369781.867,1.409,1.407
1632369782.166,1.411,1.407
1632369782.465,1.411,1.409
1632369782.764,1.411,1.409
1632369783.067,1.409,1.409
1632369783.366,1.409,1.411
1632369783.665,1.407,1.411
1632369783.964,1.407,1.411
1632369784.267,1.406,1.411
1632369784.566,1.404,1.409
1632369784.865,1.402,1.409
1632369785.164,1.402,1.409
1632369785.463,1.4,1.407
1632369785.766,1.4,1.407
1632369786.065,1.4,1.406
1632369786.364,1.398,1.404
1632369786.664,1.4,1.404
1632369786.963,1.4,1.402
1632369787.266,1.4,1.402
1632369787.565,1.4,1.402
1632369787.864,1.4,1.402
1632369788.163,1.402,1.4
1632369788.462,1.402,1.4
1632369788.765,1.402,1.402
1632369789.064,1.404,1.402
1632369789.363,1.406,1.402
1632369789.662,1.406,1.402
1632369789.965,1.407,1.404
1632369790.264,1.409,1.404
1632369790.563,1.409,1.404
1632369790.862,1.411,1.406
1632369791.161,1.411,1.407
1632369791.464,1.411,1.407
1632369791.763,1.411,1.409
1632369792.062,1.411,1.409
1632369792.361,1.411,1.409
1632369792.66,1.411,1.411
1632369792.963,1.409,1.411
1632369793.263,1.407,1.411
1632369793.562,1.407,1.411
1632369793.861,1.406,1.411
1632369794.16,1.404,1.411
1632369794.463,1.402,1.409
1632369794.762,1.402,1.409
1632369795.061,1.4,1.407
1632369795.36,1.4,1.407
1632369795.663,1.4,1.406
1632369795.962,1.4,1.404
1632369796.261,1.4,1.404
1632369796.56,1.4,1.404
1632369796.859,1.4,1.402
1632369797.162,1.4,1.402
1632369797.461,1.4,1.402
1632369797.76,1.4,1.402
1632369798.059,1.402,1.4
1632369798.358,1.404,1.402
1632369798.661,1.404,1.402
1632369798.961,1.406,1.402
1632369799.26,1.406,1.402
1632369799.559,1.407,1.404
1632369799.858,1.407,1.404
1632369800.161,1.409,1.404
1632369800.46,1.409,1.406
1632369800.759,1.411,1.406
1632369801.058,1.411,1.407
1632369801.361,1.411,1.407
1632369801.66,1.411,1.409
1632369801.959,1.411,1.409
1632369802.258,1.409,1.411
1632369802.557,1.409,1.411
1632369802.86,1.407,1.411
1632369803.159,1.406,1.411
1632369803.458,1.406,1.411
1632369803.757,1.404,1.409
1632369804.056,1.402,1.409
1632369804.359,1.402,1.409
1632369804.658,1.4,1.407
1632369804.958,1.4,1.406
1632369805.257,1.4,1.406
1632369805.556,1.4,1.404
1632369805.859,1.4,1.404
1632369806.158,1.4,1.402
1632369806.457,1.4,1.402
1632369806.756,1.402,1.402
1632369807.059,1.402,1.402
1632369807.358,1.402,1.402
1632369807.657,1.404,1.402
1632369807.956,1.406,1.402
1632369808.255,1.406,1.402
1632369808.558,1.407,1.404
1632369808.857,1.409,1.404
1632369809.156,1.409,1.404
1632369809.455,1.411,1.406
1632369809.754,1.411,1.407
1632369810.057,1.411,1.407
1632369810.356,1.411,1.409
1632369810.656,1.411,1.409
1632369810.955,1.411,1.409
1632369811.254,1.411,1.411
1632369811.557,1.409,1.411
1632369811.856,1.407,1.411
1632369812.155,1.407,1.411
1632369812.454,1.406,1.411
1632369812.757,1.404,1.411
1632369813.056,1.402,1.409
1632369813.355,1.402,1.409
1632369813.654,1.4,1.407
1632369813.953,1.4,1.407
1632369814.256,1.4,1.406
1632369814.555,1.4,1.404
1632369814.854,1.4,1.404
1632369815.153,1.4,1.404
1632369815.452,1.4,1.402
1632369815.755,1.402,1.402
1632369816.054,1.402,1.402
1632369816.353,1.402,1.402
1632369816.652,1.404,1.402
1632369816.952,1.4,1.402
1632369817.254,1.406,1.402
1632369817.554,1.407,1.402
1632369817.853,1.407,1.404
1632369818.152,1.409,1.404
1632369818.455,1.409,1.406
1632369818.754,1.411,1.406
1632369819.053,1.411,1.407
1632369819.352,1.411,1.407
1632369819.651,1.411,1.409
1632369819.954,1.411,1.409
1632369820.253,1.411,1.411
1632369820.552,1.409,1.411
1632369820.851,1.409,1.411
1632369821.15,1.407,1.411
1632369821.453,1.406,1.411
1632369821.752,1.406,1.411
1632369822.051,1.404,1.409
1632369822.35,1.402,1.409
1632369822.649,1.402,1.409
1632369822.952,1.4,1.407
1632369823.252,1.4,1.406
1632369823.551,1.4,1.406
1632369823.85,1.4,1.404
1632369824.153,1.4,1.404
1632369824.452,1.4,1.402
1632369824.751,1.4,1.402
1632369825.05,1.4,1.402
1632369825.349,1.402,1.402
1632369825.652,1.402,1.402
1632369825.951,1.402,1.402
1632369826.25,1.404,1.402
1632369826.549,1.406,1.402
1632369826.848,1.406,1.402
1632369827.151,1.407,1.404
1632369827.45,1.407,1.404
1632369827.749,1.409,1.404
1632369828.048,1.409,1.406
1632369828.347,1.411,1.406
1632369828.65,1.411,1.407
1632369828.949,1.411,1.407
1632369829.248,1.411,1.409
1632369829.548,1.411,1.409
1632369829.851,1.411,1.411
1632369830.15,1.411,1.411
1632369830.449,1.409,1.411
1632369830.748,1.407,1.411
1632369831.047,1.407,1.411
1632369831.35,1.406,1.411
1632369831.649,1.404,1.411
1632369831.948,1.404,1.409
1632369832.247,1.402,1.409
1632369832.546,1.402,1.407
1632369832.849,1.4,1.407
1632369833.148,1.402,1.406
1632369833.447,1.4,1.406
1632369833.746,1.4,1.404
1632369834.045,1.4,1.404
1632369834.348,1.402,1.402
1632369834.647,1.402,1.402
1632369834.946,1.402,1.402
1632369835.246,1.404,1.402
1632369835.549,1.404,1.402
1632369835.848,1.406,1.402
1632369836.147,1.406,1.404
1632369836.446,1.407,1.404
1632369836.745,1.409,1.404
1632369837.048,1.409,1.406
1632369837.347,1.411,1.406
1632369837.646,1.411,1.407
1632369837.945,1.411,1.407
1632369838.244,1.413,1.409
1632369838.547,1.411,1.409
1632369838.846,1.411,1.411
1632369839.145,1.409,1.411
1632369839.444,1.409,1.411
1632369839.743,1.407,1.411
1632369840.046,1.406,1.411
1632369840.345,1.404,1.411
1632369840.645,1.404,1.409
1632369840.944,1.402,1.409
1632369841.242,1.402,1.409
1632369841.546,1.4,1.407
1632369841.845,1.4,1.406
1632369842.144,1.4,1.406
1632369842.443,1.4,1.404
1632369842.746,1.4,1.404
1632369843.045,1.4,1.402
1632369843.344,1.402,1.402
1632369843.643,1.402,1.402
1632369843.942,1.402,1.402
1632369844.245,1.404,1.402
1632369844.544,1.404,1.402
1632369844.843,1.406,1.402
1632369845.142,1.407,1.402
1632369845.441,1.409,1.404
1632369845.744,1.409,1.404
1632369846.043,1.411,1.406
1632369846.342,1.411,1.406
1632369846.641,1.411,1.407
1632369846.94,1.411,1.407
1632369847.243,1.413,1.409
1632369847.542,1.413,1.409
1632369847.842,1.411,1.411
1632369848.141,1.411,1.411
1632369848.444,1.409,1.411
1632369848.743,1.409,1.411
1632369849.042,1.407,1.411
1632369849.341,1.406,1.411
1632369849.64,1.406,1.411
1632369849.943,1.404,1.411
1632369850.242,1.402,1.409
1632369850.541,1.402,1.409
1632369850.84,1.402,1.407
1632369851.139,1.4,1.407
1632369851.442,1.402,1.406
1632369851.741,1.402,1.406
1632369852.04,1.402,1.404
1632369852.339,1.402,1.404
1632369852.638,1.402,1.404
1632369852.941,1.402,1.402
1632369853.241,1.404,1.402
1632369853.539,1.404,1.402
1632369853.839,1.406,1.404
1632369854.142,1.406,1.404
1632369854.441,1.407,1.404
1632369854.74,1.409,1.404
1632369855.039,1.409,1.406
1632369855.338,1.411,1.406
1632369855.641,1.411,1.407
1632369855.94,1.411,1.407
1632369856.239,1.411,1.409
1632369856.538,1.413,1.409
1632369856.837,1.411,1.411
1632369857.14,1.411,1.411
1632369857.439,1.409,1.411
1632369857.738,1.407,1.411
1632369858.037,1.406,1.411
1632369858.336,1.406,1.411
1632369858.639,1.404,1.411
1632369858.939,1.402,1.409
1632369859.238,1.4,1.409
1632369859.537,1.4,1.407
1632369859.84,1.4,1.406
1632369860.138,1.4,1.406
1632369860.438,1.4,1.404
1632369860.737,1.4,1.404
1632369861.036,1.402,1.402
1632369861.339,1.402,1.402
1632369917.877,1.402,1.404
1632369917.878,1.404,1.404
1632369917.879,1.404,1.404
1632369917.88,1.406,1.404
1632369917.881,1.407,1.404
1632369917.883,1.402,1.409
1632369917.883,1.402,1.407
1632369917.885,1.402,1.406
1632369917.887,1.402,1.406
1632369917.889,1.402,1.404
1632369917.89,1.404,1.404
1632369917.891,1.404,1.404
1632369917.892,1.406,1.404
1632369917.893,1.407,1.404
1632369917.896,1.402,1.409
1632369917.897,1.402,1.407
1632369917.899,1.402,1.406
1632369917.9,1.402,1.406
1632369917.902,1.402,1.404
1632369917.903,1.404,1.404
1632369917.904,1.404,1.404
1632369917.905,1.406,1.404
1632369917.907,1.407,1.404
1632369919.015,1.36,4.74
1632369919.318,1.364,1.339
1632369919.617,1.37,1.341
1632369919.916,1.372,1.344
1632369920.219,1.374,1.348
1632369920.518,1.376,1.352
1632369920.817,1.378,1.356
1632369921.116,1.378,1.362
1632369921.415,1.38,1.366
1632369921.718,1.38,1.37
1632369922.017,1.382,1.374
1632369922.316,1.384,1.376
1632369922.615,1.384,1.378
1632369922.914,1.386,1.38
1632369923.218,1.388,1.382
1632369923.517,1.39,1.382
1632369923.816,1.392,1.384
1632369924.115,1.394,1.386
1632369924.442,1.394,1.386
1632369924.717,1.396,1.388
1632369925.016,1.4,1.39
1632369925.315,1.402,1.392
1632369925.614,1.404,1.394
1632369925.917,1.406,1.396
1632369926.216,1.406,1.398
1632369926.515,1.407,1.4
1632369926.814,1.407,1.402
1632369927.113,1.407,1.402
1632369927.416,1.407,1.404
1632369927.715,1.407,1.406
1632369928.014,1.406,1.406
1632369928.313,1.404,1.407
1632369928.612,1.404,1.407
1632369928.915,1.402,1.407
1632369929.215,1.402,1.407
1632369929.514,1.4,1.406
1632369929.812,1.4,1.406
1632369930.112,1.398,1.406
1632369930.415,1.398,1.404
1632369930.714,1.398,1.404
1632369931.013,1.398,1.402
1632369931.312,1.398,1.402
1632369931.615,1.4,1.4
1632369931.914,1.4,1.4
1632369932.213,1.402,1.4
1632369932.512,1.402,1.4
1632369932.811,1.404,1.4
1632369933.114,1.406,1.4
1632369933.413,1.406,1.402
1632369933.712,1.407,1.402
1632369934.011,1.409,1.404
1632369934.31,1.409,1.404
1632369934.613,1.409,1.406
1632369934.912,1.411,1.406
1632369935.212,1.411,1.407
1632369935.51,1.411,1.407
1632369935.81,1.411,1.409
1632369936.113,1.409,1.409
1632369936.412,1.409,1.411
1632369936.711,1.407,1.411
1632369937.01,1.406,1.411
1632369937.313,1.406,1.411
1632369937.612,1.404,1.409
1632369937.911,1.402,1.409
1632369938.21,1.402,1.409
1632369938.509,1.402,1.407
1632369938.812,1.4,1.407
1632369939.111,1.4,1.406
1632369939.41,1.4,1.404
1632369939.709,1.4,1.404
1632369940.008,1.4,1.404
1632369940.311,1.402,1.402
1632369940.61,1.402,1.402
1632369940.909,1.402,1.402
1632369941.209,1.404,1.402
1632369941.508,1.404,1.402
1632369941.811,1.406,1.402
1632369942.11,1.406,1.402
1632369942.409,1.407,1.404
1632369942.708,1.409,1.404
1632369943.007,1.409,1.406
1632369943.31,1.411,1.406
1632369943.609,1.411,1.407
1632369943.908,1.411,1.407
1632369944.207,1.411,1.409
1632369944.51,1.411,1.409
1632369944.809,1.409,1.409
1632369945.108,1.409,1.411
1632369945.407,1.407,1.411
1632369945.706,1.406,1.411
1632369946.009,1.406,1.411
1632369946.308,1.404,1.409
1632369946.607,1.402,1.409
1632369946.906,1.402,1.409
1632369947.205,1.4,1.407
1632369947.509,1.4,1.406
1632369947.808,1.4,1.406
1632369948.107,1.4,1.404
1632369948.406,1.4,1.404
1632369948.705,1.4,1.402
1632369949.008,1.4,1.402
1632369949.307,1.402,1.402
1632369949.606,1.402,1.402
1632369949.905,1.404,1.402
1632369950.208,1.404,1.402
1632369950.507,1.406,1.402
1632369950.806,1.407,1.402
1632369951.105,1.407,1.404
1632369951.404,1.409,1.404
1632369951.707,1.411,1.406
1632369952.006,1.411,1.406
1632369952.305,1.411,1.407
1632369952.604,1.411,1.407
1632369952.903,1.411,1.409
1632369953.206,1.411,1.409
1632369953.506,1.409,1.411
1632369953.805,1.407,1.411
1632369954.104,1.407,1.411
1632369954.403,1.406,1.411
1632369954.706,1.404,1.411
1632369955.005,1.402,1.409
1632369955.304,1.402,1.409
1632369955.603,1.4,1.407
1632369955.906,1.4,1.407
1632369956.205,1.4,1.406
1632369956.504,1.4,1.404
1632369956.803,1.4,1.404
1632369957.102,1.4,1.404
1632369957.405,1.402,1.402
1632369957.704,1.402,1.402
1632369958.003,1.402,1.402
1632369958.302,1.404,1.402
1632369958.601,1.404,1.402
1632369958.904,1.406,1.402
1632369959.203,1.407,1.402
1632369959.503,1.409,1.404
1632369959.802,1.409,1.404
1632369960.101,1.411,1.406
1632369960.404,1.411,1.406
1632369960.727,1.411,1.407
1632369961.002,1.411,1.407
1632369961.301,1.413,1.409
1632369961.604,1.411,1.409
1632369961.903,1.411,1.411
1632369962.202,1.409,1.411
1632369962.501,1.407,1.411
1632369962.8,1.407,1.411
1632369963.103,1.406,1.411
1632369963.402,1.406,1.411
1632369963.701,1.402,1.409
1632369964.0,1.402,1.409
1632369964.299,1.4,1.407
1632369964.602,1.4,1.407
1632369964.901,1.4,1.406
1632369965.2,1.4,1.406
1632369965.5,1.4,1.404
1632369965.799,1.402,1.404
1632369966.102,1.402,1.402
1632369966.401,1.404,1.402
1632369966.7,1.404,1.402
1632369966.999,1.406,1.402
1632369967.302,1.406,1.402
1632369967.601,1.407,1.404
1632369967.9,1.409,1.404
1632369968.199,1.411,1.406
1632369968.498,1.411,1.406
1632369968.801,1.413,1.407
1632369969.1,1.413,1.407
1632369969.399,1.413,1.409
1632369969.739,1.411,1.409
1632369969.997,1.411,1.411
1632369970.3,1.409,1.411
1632369970.599,1.407,1.411
1632369970.898,1.406,1.411
1632369971.197,1.404,1.411
1632369971.497,1.404,1.411
1632369971.799,1.402,1.409
1632369972.099,1.4,1.409
1632369972.398,1.4,1.407
1632369972.697,1.402,1.406
1632369973.0,1.4,1.406
1632369973.299,1.402,1.404
1632369973.598,1.402,1.404
1632369973.897,1.402,1.404
1632369974.196,1.404,1.402
1632369974.499,1.406,1.402
1632369974.798,1.406,1.402
1632369975.097,1.407,1.404
1632369975.396,1.409,1.404
1632369975.695,1.411,1.406
1632369975.998,1.411,1.406
1632369976.297,1.411,1.407
1632369976.596,1.411,1.407
1632369976.895,1.413,1.409
1632369977.194,1.411,1.409
1632369977.497,1.411,1.411
1632369977.797,1.409,1.411
1632369978.096,1.407,1.411
1632369978.395,1.406,1.411
1632369978.698,1.406,1.411
1632369978.997,1.404,1.411
1632369979.296,1.402,1.409
1632369979.595,1.402,1.409
1632369979.894,1.4,1.407
1632369980.197,1.4,1.407
1632369980.496,1.4,1.406
1632369980.795,1.4,1.404
1632369981.094,1.402,1.404
1632369981.393,1.402,1.404
1632369981.696,1.404,1.402
1632369981.995,1.404,1.402
1632369982.294,1.406,1.402
1632369982.593,1.407,1.402
1632369982.892,1.407,1.404
1632369983.195,1.409,1.404
1632369983.494,1.411,1.406
1632369983.794,1.411,1.406
1632369984.093,1.411,1.407
1632369984.396,1.413,1.407
1632369984.695,1.413,1.409
1632369984.994,1.411,1.409
1632369985.293,1.409,1.411
1632369985.592,1.407,1.411
1632369985.895,1.406,1.411
1632369986.194,1.404,1.411
1632369986.493,1.404,1.411
1632369986.792,1.402,1.409
1632369987.091,1.4,1.409
1632369987.394,1.4,1.407
1632369987.693,1.4,1.406
1632369987.992,1.4,1.406
1632369988.291,1.4,1.404
1632369988.59,1.4,1.404
1632369988.893,1.402,1.402
1632369989.192,1.402,1.402
1632369989.492,1.402,1.402
1632369989.791,1.406,1.402
1632369990.094,1.406,1.402
1632369990.393,1.407,1.402
1632369990.692,1.407,1.404
1632369990.991,1.409,1.404
1632369991.29,1.411,1.406
1632369991.593,1.411,1.406
1632369991.892,1.411,1.407
1632369992.191,1.411,1.407
1632369992.49,1.411,1.409
1632369992.789,1.411,1.409
1632369993.092,1.409,1.411
1632369993.391,1.407,1.411
1632369993.69,1.406,1.411
1632369993.989,1.404,1.411
1632369994.288,1.402,1.409
1632369994.591,1.402,1.409
1632369994.89,1.4,1.407
1632369995.189,1.4,1.407
1632369995.489,1.4,1.406
1632369995.792,1.4,1.406
1632369996.091,1.4,1.404
1632369996.39,1.4,1.404
1632369996.689,1.4,1.402
1632369996.988,1.402,1.402
1632369997.291,1.402,1.402
1632369997.59,1.404,1.402
1632369997.889,1.404,1.402
1632369998.188,1.406,1.402
1632369998.487,1.407,1.402
1632369998.79,1.409,1.404
1632369999.089,1.409,1.404
1632369999.388,1.411,1.406
1632369999.687,1.411,1.406
1632369999.986,1.411,1.407
1632370000.289,1.411,1.407
1632370000.588,1.411,1.409
1632370000.887,1.411,1.409
1632370001.187,1.409,1.411
1632370001.489,1.407,1.411
1632370001.788,1.407,1.411
1632370002.088,1.406,1.411
1632370002.387,1.404,1.411
1632370002.686,1.402,1.409
1632370002.989,1.402,1.409
1632370003.288,1.4,1.407
1632370003.587,1.4,1.407
1632370003.886,1.4,1.406
1632370004.185,1.4,1.404
1632370004.488,1.4,1.404
1632370004.787,1.4,1.404
1632370005.086,1.402,1.402
1632370005.385,1.402,1.402
1632370005.684,1.402,1.402
1632370005.987,1.404,1.402
1632370006.286,1.404,1.402
1632370006.585,1.406,1.402
1632370006.884,1.407,1.402
1632370007.187,1.407,1.404
1632370007.486,1.409,1.404
1632370007.786,1.409,1.406
1632370008.084,1.411,1.406
1632370008.384,1.411,1.407
1632370008.687,1.411,1.407
1632370008.986,1.411,1.409
1632370009.285,1.411,1.409
1632370009.584,1.411,1.411
1632370009.883,1.411,1.411
1632370010.186,1.409,1.411
1632370010.485,1.409,1.411
1632370010.784,1.407,1.411
1632370011.083,1.406,1.411
1632370011.382,1.406,1.411
1632370011.685,1.404,1.409
1632370011.984,1.402,1.409
1632370012.283,1.402,1.409
1632370012.582,1.402,1.407
1632370012.885,1.4,1.407
1632370013.184,1.402,1.406
1632370013.484,1.4,1.406
1632370013.783,1.4,1.404
1632370014.082,1.402,1.404
1632370014.385,1.402,1.402
1632370014.684,1.402,1.402
1632370014.983,1.404,1.402
1632370015.282,1.404,1.402
1632370015.581,1.406,1.402
1632370015.884,1.406,1.404
1632370016.183,1.407,1.404
1632370016.482,1.407,1.404
1632370016.781,1.409,1.406
1632370017.08,1.411,1.406
1632370017.383,1.411,1.407
1632370017.682,1.411,1.407
1632370017.981,1.413,1.409
1632370018.28,1.413,1.409
1632370018.583,1.413,1.411
1632370018.882,1.413,1.411
1632370019.181,1.411,1.411
1632370019.481,1.409,1.413
1632370019.78,1.409,1.413
1632370020.083,1.407,1.413
1632370020.382,1.407,1.411
1632370020.681,1.406,1.411
1632370020.98,1.404,1.411
1632370021.279,1.404,1.409
1632370021.582,1.402,1.409
1632370021.881,1.402,1.407
1632370022.18,1.402,1.407
1632370022.479,1.402,1.406
1632370022.778,1.402,1.406
1632370023.081,1.402,1.404
1632370023.38,1.402,1.404
1632370023.679,1.402,1.404
1632370023.978,1.402,1.404
1632370024.281,1.404,1.404
1632370024.58,1.404,1.404
1632370024.879,1.406,1.404
1632370025.178,1.406,1.404
1632370025.478,1.407,1.404
1632370025.78,1.409,1.404
1632370026.08,1.409,1.406
1632370026.379,1.411,1.406
1632370026.678,1.413,1.407
1632370026.977,1.411,1.407
1632370027.28,1.413,1.409
1632370027.579,1.413,1.409
1632370027.878,1.413,1.411
1632370028.177,1.413,1.411
1632370028.476,1.411,1.413
1632370028.779,1.411,1.413
1632370029.078,1.409,1.413
1632370029.377,1.407,1.413
1632370029.676,1.407,1.413
1632370029.979,1.406,1.411
1632370030.278,1.404,1.411
1632370030.577,1.404,1.411
1632370030.876,1.402,1.409
1632370031.175,1.402,1.407
1632370031.478,1.402,1.407
1632370031.778,1.402,1.406
1632370032.076,1.402,1.406
1632370032.376,1.402,1.404
1632370032.675,1.402,1.404
1632370032.978,1.402,1.404
1632370033.277,1.404,1.404
1632370033.576,1.404,1.404
1632370033.875,1.406,1.404
1632370034.174,1.406,1.404
1632370034.477,1.407,1.404
1632370034.776,1.409,1.404
1632370035.075,1.409,1.406
1632370035.374,1.411,1.406
1632370035.677,1.411,1.407
1632370035.976,1.411,1.407
1632370036.275,1.413,1.409
1632370036.574,1.413,1.409
1632370036.873,1.413,1.411
1632370037.176,1.413,1.411
1632370037.475,1.411,1.411
1632370037.775,1.409,1.413
1632370038.074,1.407,1.413
1632370038.372,1.407,1.413
1632370038.676,1.406,1.411
1632370038.975,1.404,1.411
1632370039.274,1.404,1.411
1632370039.573,1.402,1.409
1632370039.872,1.402,1.409
1632370040.175,1.402,1.407
1632370040.474,1.402,1.406
1632370040.773,1.402,1.406
1632370041.072,1.402,1.404
1632370041.371,1.402,1.404
1632370041.674,1.402,1.404
1632370041.973,1.404,1.404
1632370042.272,1.406,1.404
1632370042.571,1.406,1.404
1632370042.874,1.407,1.404
1632370043.173,1.409,1.404
1632370043.472,1.409,1.406
1632370043.772,1.411,1.406
1632370044.07,1.411,1.407
1632370044.373,1.411,1.407
1632370044.673,1.411,1.409
1632370044.972,1.413,1.409
1632370045.271,1.413,1.411
1632370045.57,1.411,1.411
1632370045.873,1.409,1.411
1632370046.172,1.409,1.411
1632370046.471,1.407,1.411
1632370046.77,1.406,1.411
1632370047.069,1.404,1.411
1632370047.372,1.402,1.411
1632370047.671,1.402,1.409
1632370047.97,1.4,1.409
1632370048.269,1.4,1.407
1632370048.572,1.4,1.406
1632370048.871,1.4,1.406
1632370049.17,1.4,1.404
1632370049.47,1.4,1.404
1632370049.769,1.402,1.402
1632370050.072,1.402,1.402
1632370050.371,1.404,1.402
1632370050.67,1.404,1.402
1632370050.969,1.406,1.402
1632370051.268,1.407,1.402
1632370051.571,1.409,1.404
1632370051.87,1.409,1.404
1632370052.169,1.411,1.406
1632370052.468,1.411,1.406
1632370052.767,1.411,1.407
1632370053.07,1.411,1.407
1632370053.369,1.411,1.409
1632370053.668,1.411,1.409
1632370053.967,1.409,1.411
1632370054.27,1.407,1.411
1632370054.569,1.407,1.411
1632370054.868,1.406,1.411
1632370055.167,1.404,1.411
1632370055.466,1.402,1.409
1632370055.769,1.402,1.409
1632370056.069,1.4,1.407
1632370056.368,1.4,1.407
1632370056.667,1.4,1.406
1632370056.966,1.4,1.404
1632370057.269,1.4,1.404
1632370057.568,1.4,1.404
1632370057.867,1.402,1.402
1632370058.166,1.402,1.402
1632370058.465,1.402,1.402
1632370058.768,1.404,1.402
1632370059.067,1.404,1.402
1632370059.366,1.406,1.402
1632370059.665,1.407,1.402
1632370059.968,1.409,1.404
1632370060.267,1.409,1.404
1632370060.566,1.411,1.406
1632370060.865,1.411,1.406
1632370061.164,1.411,1.407
1632370061.467,1.411,1.407
1632370061.766,1.411,1.409
1632370062.066,1.411,1.409
1632370062.365,1.409,1.411
1632370062.664,1.407,1.411
1632370062.967,1.407,1.411
1632370063.266,1.406,1.411
1632370063.565,1.404,1.411
1632370063.864,1.402,1.409
1632370064.163,1.402,1.409
1632370064.466,1.4,1.407
1632370064.765,1.4,1.407
1632370065.064,1.4,1.406
1632370065.363,1.4,1.404
1632370065.666,1.4,1.404
1632370065.965,1.4,1.404
1632370066.264,1.402,1.402
1632370066.563,1.402,1.402
1632370066.862,1.402,1.402
1632370067.165,1.404,1.402
1632370067.464,1.406,1.402
1632370067.763,1.406,1.402
1632370068.063,1.407,1.404
1632370068.362,1.409,1.404
1632370068.664,1.409,1.404
1632370068.963,1.411,1.406
1632370069.263,1.411,1.407
1632370069.562,1.411,1.407
1632370069.861,1.411,1.409
1632370070.164,1.411,1.409
1632370070.463,1.409,1.409
1632370070.762,1.409,1.411
1632370071.061,1.407,1.411
1632370071.364,1.406,1.411
1632370071.663,1.404,1.411
1632370071.962,1.404,1.409
1632370072.261,1.402,1.409
1632370072.56,1.404,1.407
1632370072.863,1.402,1.407
1632370073.162,1.402,1.407
1632370073.461,1.402,1.406
1632370073.761,1.402,1.406
1632370074.06,1.402,1.404
1632370074.363,1.404,1.404
1632370074.662,1.404,1.404
1632370074.961,1.406,1.404
1632370075.26,1.406,1.404
1632370075.559,1.407,1.404
1632370075.862,1.409,1.404
1632370076.161,1.409,1.406
1632370076.46,1.411,1.406
1632370076.759,1.411,1.407
1632370077.062,1.413,1.407
1632370077.361,1.413,1.409
1632370077.66,1.413,1.409
1632370077.959,1.413,1.411
1632370078.258,1.411,1.411
1632370078.561,1.411,1.411
1632370078.86,1.409,1.413
1632370079.159,1.407,1.413
1632370079.458,1.407,1.413
1632370079.757,1.406,1.411
1632370080.061,1.404,1.411
1632370080.36,1.402,1.411
1632370080.659,1.402,1.409
1632370080.958,1.402,1.407
1632370081.257,1.402,1.407
1632370081.56,1.402,1.406
1632370081.859,1.402,1.406
1632370082.158,1.402,1.404
1632370082.457,1.404,1.404
1632370082.76,1.404,1.404
1632370083.059,1.406,1.404
1632370083.358,1.406,1.404
1632370083.657,1.407,1.404
1632370083.956,1.409,1.404
1632370084.259,1.411,1.406
1632370084.558,1.411,1.406
1632370084.857,1.411,1.407
1632370085.156,1.413,1.407
1632370085.455,1.413,1.409
1632370085.758,1.413,1.409
1632370086.058,1.413,1.411
1632370086.357,1.411,1.411
1632370086.656,1.409,1.413
1632370086.955,1.409,1.413
1632370087.258,1.407,1.413
1632370087.557,1.406,1.411
1632370087.856,1.406,1.411
1632370088.155,1.404,1.411
1632370088.458,1.402,1.409
1632370088.757,1.402,1.409
1632370089.056,1.402,1.407
1632370089.355,1.402,1.407
1632370089.654,1.402,1.406
1632370089.957,1.402,1.406
1632370090.256,1.404,1.404
1632370090.555,1.404,1.404
1632370090.854,1.406,1.404
1632370091.153,1.407,1.404
1632370091.456,1.407,1.404
1632370091.756,1.409,1.404
1632370092.055,1.411,1.406
1632370092.354,1.411,1.406
1632370092.653,1.411,1.407
1632370092.956,1.413,1.407
1632370093.255,1.413,1.409
1632370093.554,1.413,1.409
1632370093.853,1.413,1.411
1632370094.156,1.411,1.411
1632370094.455,1.409,1.413
1632370094.754,1.409,1.413
1632370095.053,1.407,1.413
1632370095.352,1.406,1.411
1632370095.655,1.406,1.411
1632370095.954,1.404,1.411
1632370096.253,1.402,1.409
1632370096.552,1.402,1.409
1632370096.851,1.402,1.407
1632370097.154,1.402,1.407
1632370097.453,1.402,1.406
1632370097.752,1.402,1.406
1632370098.052,1.402,1.404
1632370098.351,1.404,1.404
1632370098.654,1.404,1.404
1632370098.953,1.406,1.404
1632370099.252,1.406,1.404
1632370099.551,1.407,1.404
1632370099.854,1.407,1.404
1632370100.153,1.409,1.406
1632370100.452,1.411,1.406
1632370100.751,1.411,1.407
1632370101.05,1.413,1.407
1632370101.353,1.413,1.409
1632370101.652,1.413,1.409
1632370101.951,1.413,1.411
1632370102.25,1.413,1.411
1632370102.549,1.411,1.411
1632370102.852,1.409,1.413
1632370103.151,1.409,1.413
1632370103.45,1.407,1.413
1632370103.749,1.406,1.413
1632370104.049,1.404,1.411
1632370104.352,1.404,1.411
1632370104.651,1.402,1.409
1632370104.95,1.402,1.409
1632370105.249,1.402,1.407
1632370105.552,1.402,1.406
1632370105.851,1.402,1.406
1632370106.15,1.402,1.406
1632370106.449,1.404,1.404
1632370106.748,1.404,1.404
1632370107.051,1.404,1.404
1632370107.35,1.406,1.404
1632370107.649,1.406,1.404
1632370107.948,1.407,1.404
1632370108.247,1.407,1.404
1632370108.55,1.409,1.406
1632370108.849,1.411,1.406
1632370109.148,1.411,1.407
1632370109.447,1.413,1.407
1632370109.746,1.413,1.409
1632370110.049,1.413,1.409
1632370110.349,1.415,1.411
1632370110.648,1.413,1.411
1632370110.947,1.413,1.413
1632370111.25,1.411,1.413
1632370111.549,1.409,1.413
1632370111.848,1.407,1.413
1632370112.147,1.407,1.413
1632370112.446,1.406,1.413
1632370112.749,1.406,1.411
1632370113.048,1.404,1.411
1632370113.347,1.402,1.409
1632370113.646,1.402,1.409
1632370113.945,1.402,1.407
1632370114.248,1.402,1.406
1632370114.547,1.402,1.406
1632370114.846,1.402,1.406
1632370115.145,1.402,1.404
1632370115.444,1.402,1.404
1632370115.747,1.404,1.404
1632370116.047,1.404,1.404
1632370116.345,1.406,1.404
1632370116.645,1.406,1.404
1632370116.948,1.407,1.404
1632370117.246,1.407,1.404
1632370117.546,1.409,1.406
1632370117.845,1.411,1.406
1632370118.144,1.411,1.407
1632370118.447,1.411,1.407
1632370118.746,1.413,1.409
1632370119.045,1.413,1.409
1632370119.344,1.415,1.411
1632370119.643,1.413,1.411
1632370119.946,1.413,1.411
1632370120.245,1.411,1.413
1632370120.544,1.411,1.413
1632370120.843,1.409,1.413
1632370121.142,1.409,1.413
1632370121.445,1.407,1.413
1632370121.744,1.407,1.413
1632370122.044,1.406,1.411
1632370122.343,1.404,1.411
1632370122.646,1.404,1.409
1632370122.945,1.402,1.409
1632370123.244,1.402,1.407
1632370123.543,1.402,1.407
1632370123.842,1.402,1.406
1632370124.145,1.402,1.406
1632370124.444,1.402,1.404
1632370124.743,1.402,1.404
1632370125.042,1.404,1.404
1632370125.341,1.404,1.404
1632370125.644,1.404,1.404
1632370125.943,1.404,1.404
1632370126.242,1.406,1.404
1632370126.541,1.406,1.404
1632370126.84,1.407,1.404
1632370127.143,1.407,1.406
1632370127.442,1.409,1.406
1632370127.741,1.411,1.406
1632370128.04,1.411,1.407
1632370128.343,1.411,1.407
1632370128.643,1.413,1.409
1632370128.942,1.413,1.409
1632370129.241,1.413,1.411
1632370129.54,1.413,1.411
1632370129.843,1.413,1.411
1632370130.142,1.411,1.413
1632370130.441,1.409,1.413
1632370130.74,1.409,1.413
1632370131.039,1.407,1.413
1632370131.342,1.407,1.413
1632370131.641,1.406,1.411
1632370131.94,1.406,1.411
1632370132.239,1.404,1.411
1632370132.538,1.404,1.409
1632370132.841,1.402,1.409
1632370133.14,1.402,1.407
1632370133.439,1.402,1.406
1632370133.738,1.402,1.406
1632370134.041,1.402,1.406
1632370134.34,1.402,1.404
1632370134.64,1.402,1.404
1632370134.939,1.402,1.404
1632370135.238,1.402,1.404
1632370135.541,1.404,1.404
1632370135.84,1.404,1.404
1632370136.139,1.404,1.404
1632370136.438,1.406,1.404
1632370136.737,1.406,1.404
1632370137.04,1.407,1.404
1632370137.339,1.409,1.404
1632370137.638,1.409,1.406
1632370137.937,1.411,1.406
1632370138.236,1.411,1.407
1632370138.539,1.411,1.407
1632370138.838,1.413,1.409
1632370139.137,1.413,1.409
1632370139.436,1.413,1.411
1632370139.739,1.413,1.411
1632370140.039,1.411,1.411
1632370140.338,1.411,1.413
1632370140.637,1.409,1.413
1632370140.936,1.407,1.413
1632370141.239,1.407,1.413
1632370141.538,1.406,1.411
1632370141.837,1.404,1.411
1632370142.136,1.404,1.411
1632370142.435,1.402,1.409
1632370142.738,1.402,1.407
1632370143.037,1.402,1.407
1632370143.336,1.402,1.406
1632370143.635,1.402,1.406
1632370143.934,1.402,1.404
1632370144.237,1.402,1.404
1632370144.536,1.402,1.404
1632370144.835,1.404,1.404
1632370145.134,1.404,1.404
1632370145.437,1.406,1.404
1632370145.736,1.406,1.404
1632370146.035,1.407,1.404
1632370146.335,1.409,1.404
1632370146.634,1.411,1.406
1632370146.937,1.411,1.406
1632370147.235,1.411,1.407
1632370147.535,1.411,1.407
1632370147.834,1.413,1.409
1632370148.133,1.413,1.409
1632370148.436,1.413,1.411
1632370148.735,1.413,1.411
1632370149.034,1.411,1.413
1632370149.333,1.409,1.413
1632370149.632,1.407,1.413
1632370149.935,1.407,1.413
1632370150.234,1.406,1.411
1632370150.533,1.404,1.411
1632370150.832,1.402,1.411
1632370151.135,1.402,1.409
1632370151.434,1.402,1.407
1632370151.733,1.402,1.407
1632370152.032,1.402,1.406
1632370152.331,1.402,1.406
1632370152.635,1.402,1.404
1632370152.934,1.402,1.404
1632370153.233,1.404,1.404
1632370153.532,1.404,1.404
1632370153.831,1.406,1.404
1632370154.134,1.407,1.404
1632370154.433,1.407,1.404
1632370154.732,1.409,1.404
1632370155.031,1.411,1.406
1632370155.33,1.411,1.406
1632370155.633,1.413,1.407
1632370155.932,1.413,1.407
1632370156.231,1.413,1.409
1632370156.53,1.413,1.411
1632370156.833,1.411,1.411
1632370157.132,1.411,1.411
1632370157.431,1.409,1.413
1632370157.73,1.407,1.413
1632370158.029,1.406,1.413
1632370158.332,1.404,1.411
1632370158.632,1.404,1.411
1632370158.931,1.402,1.409
1632370159.23,1.402,1.409
1632370159.529,1.402,1.407
1632370159.832,1.402,1.407
1632370160.131,1.402,1.406
1632370160.43,1.402,1.406
1632370160.729,1.404,1.404
1632370161.028,1.404,1.404
1632370161.331,1.406,1.404
1632370161.63,1.406,1.404
1632370161.929,1.407,1.404
1632370162.228,1.409,1.404
1632370162.527,1.411,1.406
1632370162.83,1.411,1.406
1632370163.129,1.411,1.407
1632370163.428,1.413,1.407
1632370163.727,1.413,1.409
1632370164.03,1.413,1.409
1632370164.329,1.413,1.411
1632370164.629,1.411,1.411
1632370164.928,1.409,1.413
1632370165.227,1.407,1.413
1632370165.53,1.406,1.413
1632370165.829,1.406,1.411
1632370166.128,1.404,1.411
1632370166.427,1.402,1.411
1632370166.726,1.402,1.409
1632370167.029,1.402,1.407
1632370167.328,1.402,1.407
1632370167.627,1.402,1.406
1632370167.926,1.402,1.406
1632370168.225,1.404,1.404
1632370168.528,1.404,1.404
1632370168.827,1.406,1.404
1632370169.126,1.406,1.404
1632370169.425,1.407,1.404
1632370169.728,1.409,1.404
1632370170.027,1.411,1.406
1632370170.326,1.411,1.406
1632370170.625,1.411,1.407
1632370170.925,1.413,1.407
1632370171.228,1.413,1.409
1632370171.527,1.411,1.409
1632370171.826,1.411,1.411
1632370172.125,1.409,1.411
1632370172.424,1.407,1.411
1632370172.727,1.406,1.411
1632370173.026,1.404,1.411
1632370173.325,1.402,1.411
1632370173.624,1.402,1.409
1632370173.923,1.4,1.409
1632370174.226,1.402,1.407
1632370174.525,1.402,1.406
1632370174.824,1.402,1.406
1632370175.123,1.402,1.404
1632370175.426,1.402,1.404
1632370175.725,1.404,1.404
