1632563032.264,0.301,0.292
1632563032.27,0.283,0.287
1632563032.275,0.287,0.287
1632563032.281,0.283,0.287
1632563032.285,0.292,0.287
1632563032.29,0.283,0.287
1632563032.293,0.283,0.287
1632563032.297,0.301,0.287
1632563032.3,0.301,0.287
1632563032.303,0.301,0.292
1632563033.441,0.269,4.74
1632563033.744,0.269,0.278
1632563034.043,0.273,0.278
1632563034.342,0.273,0.278
1632563034.641,0.269,0.278
1632563034.944,0.269,0.278
1632563035.243,0.273,0.273
1632563035.542,0.273,0.273
1632563035.845,0.273,0.273
1632563036.144,0.269,0.273
1632563036.443,0.273,0.273
1632563036.746,0.273,0.273
1632563037.045,0.273,0.273
1632563037.344,0.273,0.273
1632563037.647,0.273,0.273
1632563037.946,0.273,0.273
1632563038.245,0.273,0.273
1632563038.544,0.273,0.273
1632563038.847,0.273,0.273
1632563039.146,0.273,0.273
1632563039.445,0.283,0.273
1632563039.748,0.278,0.278
1632563040.047,0.278,0.278
1632563040.346,0.278,0.278
1632563040.649,0.278,0.278
1632563040.948,0.278,0.278
1632563041.247,0.278,0.278
1632563041.55,0.278,0.278
1632563041.849,0.278,0.278
1632563042.148,0.278,0.278
1632563042.447,0.278,0.283
1632563042.75,0.278,0.278
1632563043.049,0.278,0.278
1632563043.348,0.278,0.278
1632563043.651,0.278,0.278
1632563043.95,0.278,0.278
1632563044.25,0.278,0.278
1632563044.552,0.278,0.278
1632563044.851,0.278,0.278
1632563045.151,0.283,0.278
1632563045.453,0.278,0.283
1632563045.753,0.278,0.283
1632563046.052,0.283,0.283
1632563046.351,0.283,0.283
1632563046.654,0.278,0.283
1632563046.953,0.283,0.283
1632563047.252,0.278,0.283
1632563047.555,0.278,0.283
1632563047.854,0.306,0.283
1632563048.153,0.283,0.283
1632563048.456,0.287,0.283
1632563048.755,0.283,0.287
1632563049.054,0.283,0.287
1632563049.357,0.278,0.287
1632563049.656,0.273,0.287
1632563049.955,0.273,0.287
1632563050.254,0.273,0.283
1632563050.557,0.283,0.283
1632563050.856,0.287,0.283
1632563051.155,0.273,0.283
1632563051.458,0.273,0.283
1632563051.757,0.297,0.278
1632563052.056,0.287,0.283
1632563052.359,0.287,0.283
1632563052.658,0.283,0.283
1632563052.957,0.297,0.283
1632563053.26,0.306,0.287
1632563053.559,0.328,0.287
1632563053.858,0.306,0.292
1632563054.157,0.319,0.297
1632563054.46,0.319,0.301
1632563054.759,0.301,0.306
1632563055.058,0.336,0.306
1632563055.361,0.315,0.31
1632563055.66,0.31,0.315
1632563055.959,0.292,0.315
1632563056.262,0.306,0.315
1632563056.561,0.315,0.315
1632563056.86,0.287,0.315
1632563057.163,0.283,0.31
1632563057.462,0.283,0.31
1632563057.762,0.278,0.306
1632563058.06,0.283,0.301
1632563058.363,0.283,0.297
1632563058.663,0.273,0.292
1632563058.962,0.287,0.292
1632563059.265,0.273,0.292
1632563059.564,0.283,0.287
1632563059.863,0.287,0.283
1632563060.166,0.283,0.283
1632563060.465,0.273,0.283
1632563060.764,0.273,0.283
1632563061.067,0.273,0.283
1632563061.366,0.278,0.283
1632563061.665,0.278,0.283
1632563061.964,0.273,0.283
1632563062.267,0.278,0.278
1632563062.566,0.278,0.278
1632563062.865,0.278,0.278
1632563063.168,0.278,0.278
1632563063.467,0.278,0.278
1632563063.766,0.278,0.278
1632563064.069,0.278,0.278
1632563064.368,0.278,0.278
1632563064.667,0.283,0.278
1632563064.97,0.278,0.278
1632563065.269,0.278,0.283
1632563065.568,0.278,0.283
1632563065.867,0.278,0.283
1632563066.17,0.283,0.283
1632563066.469,0.278,0.283
1632563066.768,0.278,0.283
1632563067.071,0.283,0.283
1632563067.37,0.273,0.283
1632563067.669,0.278,0.283
1632563067.972,0.278,0.283
1632563068.271,0.278,0.283
1632563068.57,0.287,0.283
1632563068.873,0.278,0.283
1632563069.172,0.278,0.283
1632563069.471,0.278,0.283
1632563069.771,0.278,0.283
1632563070.073,0.287,0.283
1632563070.373,0.283,0.283
1632563070.672,0.278,0.283
1632563070.974,0.278,0.283
1632563071.274,0.278,0.283
1632563071.573,0.278,0.283
1632563071.876,0.278,0.283
1632563072.175,0.278,0.283
1632563072.474,0.283,0.283
1632563072.777,0.278,0.283
1632563073.076,0.278,0.283
1632563073.375,0.278,0.283
1632563073.674,0.278,0.283
1632563073.977,0.273,0.283
1632563074.276,0.273,0.278
1632563074.575,0.283,0.278
1632563074.878,0.278,0.278
1632563075.177,0.278,0.278
1632563075.476,0.273,0.278
1632563075.779,0.273,0.278
1632563076.078,0.273,0.278
1632563076.377,0.278,0.278
1632563076.68,0.278,0.278
1632563076.979,0.273,0.278
1632563077.278,0.297,0.278
1632563077.577,0.301,0.283
1632563077.88,0.301,0.283
1632563078.179,0.292,0.283
1632563078.478,0.292,0.287
1632563078.781,0.287,0.287
1632563079.08,0.283,0.287
1632563079.379,0.273,0.292
1632563079.682,0.273,0.292
1632563079.981,0.269,0.287
1632563080.28,0.273,0.287
1632563080.583,0.273,0.287
1632563080.882,0.273,0.283
1632563081.181,0.273,0.283
1632563081.48,0.273,0.278
1632563081.783,0.273,0.278
1632563082.082,0.273,0.278
1632563082.382,0.273,0.273
1632563082.684,0.273,0.273
1632563082.984,0.278,0.273
1632563083.283,0.278,0.278
1632563083.585,0.278,0.278
1632563083.885,0.278,0.278
1632563084.184,0.278,0.278
1632563084.487,0.278,0.278
1632563084.786,0.287,0.278
1632563085.085,0.292,0.278
1632563085.384,0.306,0.283
1632563085.687,0.306,0.283
1632563085.986,0.301,0.287
1632563086.285,0.292,0.292
1632563086.588,0.287,0.292
1632563086.887,0.278,0.292
1632563087.186,0.278,0.292
1632563087.489,0.278,0.292
1632563087.788,0.283,0.292
1632563088.087,0.278,0.292
1632563088.39,0.278,0.292
1632563088.689,0.283,0.287
1632563088.988,0.283,0.287
1632563089.287,0.278,0.283
1632563089.59,0.287,0.283
1632563089.889,0.292,0.283
1632563090.188,0.297,0.283
1632563090.491,0.283,0.287
1632563090.79,0.278,0.287
1632563091.089,0.278,0.287
1632563091.392,0.278,0.287
1632563091.691,0.278,0.287
1632563091.99,0.278,0.287
1632563092.293,0.278,0.283
1632563092.592,0.273,0.283
1632563092.891,0.278,0.283
1632563093.19,0.278,0.283
1632563093.493,0.278,0.278
1632563093.792,0.278,0.278
1632563094.091,0.278,0.278
1632563094.394,0.278,0.278
1632563094.693,0.273,0.278
1632563094.993,0.278,0.278
1632563095.295,0.273,0.278
1632563095.594,0.273,0.278
1632563095.894,0.273,0.278
1632563096.196,0.273,0.278
1632563096.496,0.273,0.278
1632563096.795,0.273,0.278
1632563097.094,0.273,0.278
1632563097.397,0.273,0.278
1632563097.696,0.273,0.278
1632563097.995,0.269,0.278
1632563098.298,0.273,0.273
1632563098.597,0.273,0.273
1632563098.896,0.273,0.273
1632563099.199,0.273,0.273
1632563099.498,0.273,0.273
1632563099.797,0.273,0.273
1632563100.1,0.273,0.273
1632563100.399,0.273,0.273
1632563100.698,0.273,0.273
1632563100.997,0.273,0.273
1632563101.3,0.273,0.273
1632563101.599,0.273,0.273
1632563101.898,0.273,0.273
1632563102.201,0.273,0.273
1632563102.5,0.273,0.273
1632563102.799,0.278,0.273
1632563103.102,0.278,0.278
1632563103.401,0.278,0.278
1632563103.7,0.278,0.278
1632563104.003,0.278,0.278
1632563104.302,0.278,0.278
1632563104.601,0.278,0.278
1632563104.9,0.278,0.278
1632563105.203,0.278,0.278
1632563105.502,0.278,0.278
1632563105.801,0.278,0.278
1632563106.104,0.278,0.278
1632563106.403,0.278,0.278
1632563106.702,0.283,0.278
1632563107.005,0.278,0.283
1632563107.304,0.278,0.283
1632563107.604,0.278,0.283
1632563107.906,0.287,0.283
1632563108.205,0.283,0.283
1632563108.505,0.283,0.283
1632563108.807,0.283,0.283
1632563109.107,0.287,0.283
1632563109.406,0.283,0.283
1632563109.705,0.278,0.283
1632563110.008,0.278,0.283
1632563110.307,0.278,0.283
1632563110.606,0.306,0.283
1632563110.909,0.287,0.287
1632563111.208,0.287,0.287
1632563111.507,0.283,0.287
1632563111.81,0.283,0.287
1632563112.109,0.283,0.287
1632563112.408,0.283,0.287
1632563112.711,0.283,0.287
1632563113.01,0.283,0.287
1632563113.309,0.278,0.287
1632563113.608,0.283,0.287
1632563113.911,0.278,0.287
1632563114.21,0.278,0.283
1632563114.509,0.278,0.283
1632563114.812,0.278,0.283
1632563115.111,0.278,0.283
1632563115.41,0.278,0.283
1632563115.713,0.278,0.283
1632563116.012,0.278,0.283
1632563116.311,0.278,0.283
1632563116.614,0.278,0.283
1632563116.913,0.278,0.278
1632563117.212,0.278,0.278
1632563117.511,0.278,0.278
1632563117.814,0.278,0.278
1632563118.113,0.278,0.278
1632563118.412,0.278,0.278
1632563118.715,0.273,0.278
1632563119.014,0.273,0.278
1632563119.313,0.273,0.278
1632563119.616,0.278,0.278
1632563119.915,0.273,0.278
1632563120.214,0.278,0.278
1632563120.517,0.278,0.278
1632563120.816,0.278,0.278
1632563121.116,0.273,0.278
1632563121.415,0.273,0.278
1632563121.717,0.273,0.278
1632563122.017,0.273,0.278
1632563122.316,0.273,0.278
1632563122.619,0.273,0.278
1632563122.918,0.273,0.278
1632563123.217,0.273,0.278
1632563123.52,0.273,0.278
1632563123.819,0.278,0.278
1632563124.118,0.273,0.278
1632563124.421,0.273,0.278
1632563124.72,0.278,0.278
1632563125.019,0.273,0.278
1632563125.318,0.273,0.278
1632563125.621,0.273,0.278
1632563125.92,0.273,0.278
1632563126.219,0.273,0.278
1632563126.522,0.273,0.278
1632563126.821,0.273,0.278
1632563127.12,0.273,0.278
1632563127.423,0.273,0.278
1632563127.722,0.273,0.278
1632563128.021,0.273,0.273
1632563128.324,0.273,0.273
1632563128.623,0.283,0.273
1632563128.922,0.273,0.278
1632563129.221,0.273,0.278
1632563129.524,0.287,0.278
1632563129.823,0.287,0.278
1632563130.122,0.287,0.278
1632563130.425,0.283,0.283
1632563130.724,0.278,0.283
1632563131.023,0.278,0.283
1632563131.326,0.278,0.283
1632563131.625,0.283,0.283
1632563131.924,0.301,0.283
1632563132.227,0.306,0.287
1632563132.526,0.306,0.287
1632563132.825,0.297,0.292
1632563133.124,0.287,0.292
1632563133.427,0.278,0.292
1632563133.727,0.278,0.292
1632563134.026,0.278,0.292
1632563134.328,0.278,0.292
1632563134.628,0.273,0.292
1632563134.927,0.278,0.292
1632563135.23,0.278,0.287
1632563135.529,0.278,0.287
1632563135.828,0.283,0.283
1632563136.131,0.278,0.283
1632563136.43,0.283,0.278
1632563136.729,0.287,0.283
1632563137.028,0.287,0.283
1632563137.331,0.283,0.283
1632563137.63,0.287,0.283
1632563137.929,0.278,0.283
1632563138.232,0.283,0.283
1632563138.531,0.278,0.283
1632563138.83,0.283,0.283
1632563139.133,0.278,0.283
1632563139.432,0.278,0.283
1632563139.731,0.278,0.283
1632563140.034,0.278,0.283
1632563140.333,0.278,0.283
1632563140.632,0.278,0.283
1632563140.931,0.283,0.283
1632563141.234,0.278,0.283
1632563141.533,0.278,0.283
1632563141.832,0.278,0.283
1632563142.135,0.278,0.283
1632563142.434,0.273,0.283
1632563142.733,0.278,0.278
1632563143.036,0.273,0.278
1632563143.335,0.273,0.278
1632563143.634,0.273,0.278
1632563143.937,0.273,0.278
1632563144.236,0.273,0.278
1632563144.535,0.273,0.278
1632563144.834,0.269,0.278
1632563145.137,0.269,0.278
1632563145.436,0.273,0.273
1632563145.736,0.273,0.273
1632563146.038,0.269,0.273
1632563146.337,0.273,0.273
1632563146.637,0.273,0.273
1632563146.939,0.273,0.273
1632563147.239,0.269,0.273
1632563147.538,0.269,0.273
1632563147.841,0.269,0.273
1632563148.14,0.269,0.273
1632563148.439,0.273,0.273
1632563148.738,0.269,0.273
1632563149.041,0.273,0.273
1632563149.34,0.273,0.273
1632563149.639,0.273,0.273
1632563149.942,0.273,0.273
1632563150.241,0.273,0.273
1632563150.54,0.269,0.273
1632563150.843,0.283,0.273
1632563151.142,0.273,0.273
1632563151.441,0.283,0.273
1632563151.744,0.283,0.278
1632563152.043,0.273,0.278
1632563152.342,0.278,0.278
1632563152.641,0.278,0.278
1632563152.944,0.278,0.278
1632563153.243,0.278,0.278
1632563153.542,0.278,0.278
1632563153.845,0.273,0.283
1632563154.144,0.283,0.278
1632563154.443,0.283,0.283
1632563154.746,0.278,0.283
1632563155.045,0.283,0.278
1632563155.344,0.283,0.283
1632563155.647,0.278,0.283
1632563155.946,0.278,0.283
1632563156.245,0.278,0.283
1632563156.544,0.278,0.283
1632563156.847,0.278,0.283
1632563157.146,0.278,0.283
1632563157.445,0.287,0.283
1632563157.748,0.283,0.283
1632563158.047,0.287,0.283
1632563158.347,0.292,0.283
1632563158.649,0.292,0.283
1632563158.948,0.287,0.287
1632563159.248,0.283,0.287
1632563159.551,0.283,0.287
1632563159.85,0.278,0.287
1632563160.149,0.283,0.287
1632563160.448,0.273,0.287
1632563160.751,0.273,0.287
1632563161.05,0.283,0.287
1632563161.349,0.273,0.283
1632563161.652,0.273,0.283
1632563161.951,0.273,0.283
1632563162.25,0.287,0.278
1632563162.553,0.287,0.278
1632563162.852,0.273,0.283
1632563163.151,0.273,0.278
1632563163.454,0.273,0.278
1632563163.753,0.273,0.278
1632563164.052,0.269,0.278
1632563164.351,0.269,0.278
1632563164.654,0.269,0.278
1632563164.953,0.273,0.278
1632563165.252,0.278,0.278
1632563165.555,0.269,0.278
1632563165.854,0.269,0.273
1632563166.153,0.273,0.273
1632563166.456,0.269,0.273
1632563166.755,0.278,0.273
1632563167.054,0.269,0.273
1632563167.357,0.273,0.273
1632563167.656,0.273,0.273
1632563167.955,0.273,0.273
1632563168.254,0.278,0.273
1632563168.557,0.278,0.273
1632563168.856,0.278,0.273
1632563169.155,0.278,0.278
1632563169.458,0.283,0.278
1632563169.757,0.273,0.278
1632563170.056,0.273,0.278
1632563170.359,0.273,0.278
1632563170.658,0.273,0.278
1632563170.957,0.278,0.278
1632563171.26,0.278,0.278
1632563171.56,0.278,0.278
1632563171.859,0.278,0.278
1632563172.158,0.278,0.278
1632563172.461,0.283,0.278
1632563172.76,0.283,0.278
1632563173.059,0.278,0.278
1632563173.362,0.278,0.278
1632563173.661,0.278,0.283
1632563173.96,0.278,0.283
1632563174.263,0.278,0.283
1632563174.562,0.278,0.283
1632563174.861,0.278,0.283
1632563175.164,0.283,0.283
1632563175.463,0.278,0.283
1632563175.762,0.278,0.283
1632563176.061,0.278,0.283
1632563176.364,0.273,0.283
1632563176.663,0.278,0.278
1632563176.962,0.273,0.278
1632563177.265,0.273,0.278
1632563177.564,0.273,0.278
1632563177.863,0.273,0.278
1632563178.166,0.273,0.278
1632563178.465,0.273,0.278
1632563178.764,0.273,0.278
1632563179.067,0.269,0.278
1632563179.366,0.273,0.273
1632563179.665,0.269,0.273
1632563179.964,0.273,0.273
1632563180.267,0.269,0.273
1632563180.566,0.273,0.273
1632563180.865,0.273,0.273
1632563181.168,0.269,0.273
1632563181.467,0.269,0.273
1632563181.766,0.273,0.273
1632563182.069,0.273,0.273
1632563182.368,0.269,0.273
1632563182.667,0.273,0.273
1632563182.97,0.273,0.273
1632563183.269,0.273,0.273
1632563183.568,0.273,0.273
1632563183.868,0.273,0.273
1632563184.171,0.273,0.273
1632563184.47,0.273,0.273
1632563184.769,0.278,0.273
1632563185.071,0.278,0.273
1632563185.371,0.278,0.278
1632563185.67,0.278,0.278
1632563185.973,0.278,0.278
1632563186.272,0.273,0.278
1632563186.571,0.278,0.278
1632563186.874,0.278,0.278
1632563187.173,0.278,0.278
1632563187.472,0.273,0.278
1632563187.771,0.278,0.278
1632563188.074,0.278,0.278
1632563188.373,0.278,0.278
1632563188.672,0.278,0.278
1632563188.975,0.278,0.278
1632563189.274,0.278,0.278
1632563189.573,0.278,0.278
1632563189.876,0.273,0.278
1632563190.175,0.278,0.278
1632563190.474,0.278,0.278
1632563190.777,0.273,0.278
1632563191.076,0.273,0.278
1632563191.375,0.273,0.278
1632563191.674,0.283,0.278
1632563191.977,0.287,0.278
1632563192.276,0.287,0.278
1632563192.575,0.278,0.283
1632563192.878,0.278,0.283
1632563193.177,0.269,0.283
1632563193.476,0.273,0.278
1632563193.779,0.273,0.278
1632563194.078,0.273,0.278
1632563194.377,0.269,0.278
1632563194.68,0.273,0.278
1632563194.979,0.269,0.278
1632563195.278,0.269,0.278
1632563195.577,0.269,0.273
1632563195.881,0.273,0.273
1632563196.179,0.269,0.273
1632563196.479,0.269,0.273
1632563196.781,0.269,0.273
1632563197.081,0.273,0.273
1632563197.38,0.273,0.273
1632563197.682,0.278,0.273
1632563197.982,0.273,0.273
1632563198.281,0.273,0.273
1632563198.584,0.273,0.273
1632563198.883,0.273,0.273
1632563199.182,0.273,0.273
1632563199.481,0.278,0.273
1632563199.784,0.273,0.278
1632563200.083,0.278,0.278
1632563200.382,0.278,0.278
1632563200.685,0.278,0.278
1632563200.984,0.278,0.278
1632563201.283,0.278,0.278
1632563201.586,0.278,0.278
1632563201.885,0.278,0.278
1632563202.184,0.278,0.278
1632563202.487,0.278,0.278
1632563202.786,0.278,0.278
1632563203.085,0.278,0.278
1632563203.384,0.278,0.278
1632563203.687,0.278,0.278
1632563203.986,0.278,0.278
1632563204.285,0.278,0.278
1632563204.588,0.278,0.278
1632563204.887,0.278,0.278
1632563205.186,0.273,0.278
1632563205.489,0.278,0.278
1632563205.788,0.273,0.278
1632563206.087,0.273,0.278
1632563206.39,0.269,0.278
1632563206.689,0.273,0.278
1632563206.988,0.269,0.278
1632563207.287,0.269,0.278
1632563207.59,0.273,0.273
1632563207.889,0.273,0.273
1632563208.189,0.273,0.273
1632563208.491,0.273,0.273
1632563208.791,0.273,0.273
1632563209.09,0.273,0.273
1632563209.392,0.273,0.273
1632563209.692,0.269,0.273
1632563209.991,0.273,0.273
1632563210.294,0.273,0.273
1632563210.593,0.273,0.273
1632563210.892,0.269,0.273
1632563211.191,0.273,0.273
1632563211.494,0.269,0.273
1632563211.793,0.269,0.273
1632563212.092,0.273,0.273
1632563212.395,0.273,0.273
1632563212.694,0.273,0.273
1632563212.993,0.273,0.273
1632563213.296,0.273,0.273
1632563213.595,0.273,0.273
1632563213.894,0.273,0.273
1632563214.197,0.273,0.273
1632563214.496,0.273,0.273
1632563214.795,0.278,0.273
1632563215.094,0.273,0.278
1632563215.397,0.278,0.278
1632563215.696,0.278,0.278
1632563215.995,0.278,0.278
1632563216.298,0.278,0.278
1632563216.597,0.278,0.278
1632563216.896,0.278,0.278
1632563217.199,0.278,0.278
1632563217.498,0.278,0.278
1632563217.797,0.278,0.278
1632563218.1,0.278,0.278
1632563218.399,0.278,0.278
1632563218.698,0.278,0.278
1632563218.997,0.278,0.278
1632563219.3,0.278,0.278
1632563219.599,0.278,0.278
1632563219.898,0.278,0.278
1632563220.201,0.283,0.278
1632563220.5,0.273,0.283
1632563220.799,0.273,0.278
1632563221.102,0.283,0.278
1632563221.401,0.273,0.278
1632563221.701,0.269,0.278
1632563222.003,0.273,0.278
1632563222.303,0.273,0.278
1632563222.602,0.273,0.278
1632563222.901,0.273,0.278
1632563223.204,0.273,0.278
1632563223.503,0.269,0.278
1632563223.802,0.269,0.273
1632563224.105,0.269,0.273
1632563224.404,0.273,0.273
1632563224.703,0.273,0.273
1632563225.006,0.269,0.273
1632563225.305,0.273,0.273
1632563225.604,0.273,0.273
1632563225.907,0.273,0.273
1632563226.206,0.273,0.273
1632563226.505,0.273,0.273
1632563226.804,0.273,0.273
1632563227.107,0.273,0.273
1632563227.406,0.278,0.273
1632563227.705,0.273,0.273
1632563228.008,0.287,0.273
1632563228.307,0.283,0.278
1632563228.606,0.283,0.278
1632563228.909,0.283,0.278
1632563229.208,0.287,0.278
1632563229.507,0.278,0.283
1632563229.81,0.278,0.283
1632563230.109,0.278,0.283
1632563230.408,0.273,0.283
1632563230.707,0.273,0.283
1632563231.01,0.278,0.283
1632563231.309,0.278,0.283
1632563231.608,0.278,0.283
1632563231.911,0.278,0.283
1632563232.21,0.278,0.278
1632563232.509,0.278,0.278
1632563232.812,0.278,0.278
1632563233.111,0.278,0.278
1632563233.411,0.273,0.278
1632563233.713,0.273,0.278
1632563234.012,0.273,0.278
1632563234.312,0.273,0.278
1632563234.614,0.273,0.278
1632563234.914,0.273,0.278
1632563235.213,0.273,0.278
1632563235.512,0.273,0.278
1632563235.815,0.269,0.278
1632563236.114,0.273,0.273
1632563236.413,0.269,0.273
1632563236.716,0.273,0.273
1632563237.015,0.269,0.273
1632563237.314,0.273,0.273
1632563237.617,0.273,0.273
1632563237.916,0.273,0.273
1632563238.215,0.273,0.273
1632563238.518,0.273,0.273
1632563238.817,0.273,0.273
1632563239.116,0.273,0.273
1632563239.415,0.273,0.273
1632563239.718,0.273,0.273
1632563240.017,0.273,0.273
1632563240.316,0.273,0.273
1632563240.619,0.273,0.273
1632563240.918,0.278,0.273
1632563241.217,0.278,0.278
1632563241.52,0.278,0.278
1632563241.819,0.278,0.278
1632563242.118,0.278,0.278
1632563242.421,0.278,0.278
1632563242.72,0.278,0.278
1632563243.019,0.278,0.278
1632563243.318,0.278,0.278
1632563243.621,0.278,0.278
1632563243.92,0.287,0.278
1632563244.219,0.278,0.283
1632563244.522,0.278,0.283
1632563244.821,0.278,0.283
1632563245.121,0.273,0.283
1632563245.423,0.287,0.283
1632563245.722,0.283,0.283
1632563246.021,0.273,0.283
1632563246.324,0.273,0.283
1632563246.624,0.273,0.283
1632563246.922,0.283,0.283
1632563247.222,0.273,0.278
1632563247.524,0.273,0.278
1632563247.823,0.297,0.278
1632563248.123,0.301,0.283
1632563248.425,0.301,0.283
1632563248.725,0.297,0.287
1632563249.024,0.278,0.287
1632563249.327,0.278,0.287
1632563249.626,0.273,0.287
1632563249.925,0.297,0.287
1632563250.228,0.315,0.287
1632563250.527,0.31,0.292
1632563250.826,0.301,0.297
1632563251.125,0.301,0.297
1632563251.428,0.306,0.297
1632563251.727,0.306,0.297
1632563252.026,0.306,0.297
1632563252.329,0.301,0.301
1632563252.628,0.306,0.306
1632563252.927,0.306,0.306
1632563253.23,0.306,0.306
1632563253.529,0.306,0.306
1632563253.828,0.306,0.306
1632563254.131,0.31,0.306
1632563254.43,0.306,0.306
1632563254.729,0.306,0.306
1632563255.028,0.306,0.306
1632563255.331,0.31,0.306
1632563255.63,0.306,0.31
1632563255.929,0.306,0.31
1632563256.232,0.306,0.31
1632563256.531,0.306,0.31
1632563256.83,0.306,0.31
1632563257.133,0.306,0.31
1632563257.432,0.306,0.31
1632563257.731,0.306,0.31
1632563258.034,0.301,0.31
1632563258.333,0.301,0.306
1632563258.632,0.301,0.306
1632563258.931,0.301,0.306
1632563259.234,0.301,0.306
1632563259.533,0.301,0.306
1632563259.832,0.301,0.306
1632563260.135,0.301,0.306
1632563260.434,0.301,0.306
1632563260.733,0.301,0.306
1632563261.036,0.301,0.301
1632563261.335,0.301,0.301
1632563261.634,0.301,0.301
1632563261.938,0.301,0.301
1632563262.237,0.306,0.301
1632563262.536,0.306,0.306
1632563262.835,0.306,0.306
1632563263.138,0.306,0.306
1632563263.437,0.306,0.306
1632563263.736,0.306,0.306
1632563264.039,0.306,0.306
1632563264.338,0.306,0.306
1632563264.637,0.31,0.306
1632563264.94,0.31,0.306
1632563265.239,0.31,0.31
1632563265.538,0.31,0.31
1632563265.841,0.306,0.31
1632563266.14,0.306,0.31
1632563266.439,0.31,0.31
1632563266.738,0.31,0.31
1632563267.041,0.31,0.31
1632563267.34,0.306,0.31
1632563267.639,0.306,0.31
1632563267.942,0.306,0.31
1632563268.241,0.306,0.31
1632563268.54,0.306,0.31
1632563268.843,0.306,0.31
1632563269.142,0.306,0.31
1632563269.441,0.306,0.31
1632563269.744,0.306,0.31
1632563270.043,0.306,0.31
1632563270.342,0.306,0.306
1632563270.641,0.301,0.306
1632563270.944,0.301,0.306
1632563271.243,0.301,0.306
1632563271.542,0.301,0.306
1632563271.845,0.301,0.306
1632563272.144,0.301,0.306
1632563272.443,0.301,0.306
1632563272.746,0.306,0.306
1632563273.045,0.301,0.306
1632563273.344,0.306,0.306
1632563273.647,0.306,0.306
1632563273.946,0.306,0.306
1632563274.246,0.306,0.306
1632563274.545,0.306,0.306
1632563274.848,0.31,0.306
1632563275.147,0.31,0.306
1632563275.446,0.31,0.306
1632563275.749,0.31,0.31
1632563276.048,0.31,0.31
1632563276.347,0.306,0.31
1632563276.65,0.306,0.31
1632563276.949,0.306,0.31
1632563277.248,0.306,0.31
1632563277.551,0.31,0.31
1632563277.85,0.306,0.31
1632563278.149,0.31,0.31
1632563278.448,0.31,0.31
1632563278.751,0.31,0.31
1632563279.05,0.31,0.31
1632563279.349,0.31,0.31
1632563279.652,0.306,0.31
1632563279.951,0.306,0.31
1632563280.25,0.301,0.31
1632563280.553,0.306,0.31
1632563280.852,0.306,0.31
1632563281.151,0.306,0.31
1632563281.454,0.306,0.31
1632563281.753,0.306,0.31
1632563282.052,0.306,0.31
1632563282.351,0.306,0.306
1632563282.654,0.306,0.306
1632563282.953,0.301,0.306
1632563283.252,0.306,0.306
1632563283.555,0.306,0.306
1632563283.854,0.306,0.306
1632563284.153,0.301,0.306
1632563284.456,0.306,0.306
1632563284.755,0.306,0.306
1632563285.054,0.306,0.306
1632563285.357,0.301,0.306
1632563285.656,0.306,0.306
1632563285.955,0.306,0.306
1632563286.254,0.306,0.306
1632563286.557,0.306,0.306
1632563286.856,0.31,0.306
1632563287.156,0.31,0.306
1632563287.459,0.31,0.31
1632563287.758,0.31,0.31
1632563288.057,0.315,0.31
1632563288.36,0.319,0.31
1632563288.659,0.315,0.31
1632563288.958,0.315,0.315
1632563289.261,0.315,0.315
1632563289.56,0.306,0.315
1632563289.859,0.31,0.315
1632563290.158,0.31,0.315
1632563290.461,0.31,0.315
1632563290.76,0.31,0.315
1632563291.059,0.315,0.315
1632563291.362,0.31,0.315
1632563291.661,0.306,0.315
1632563291.96,0.31,0.315
1632563292.263,0.31,0.31
1632563292.562,0.31,0.31
1632563292.861,0.306,0.31
1632563293.164,0.306,0.31
1632563293.463,0.306,0.31
1632563293.762,0.306,0.31
1632563294.061,0.306,0.31
1632563294.364,0.306,0.31
1632563294.663,0.306,0.31
1632563294.962,0.301,0.31
1632563295.265,0.301,0.31
1632563295.564,0.306,0.306
1632563295.863,0.306,0.306
1632563296.166,0.301,0.306
1632563296.465,0.306,0.306
1632563296.764,0.306,0.306
1632563297.067,0.301,0.306
1632563297.366,0.306,0.306
1632563297.665,0.306,0.306
1632563297.964,0.301,0.306
1632563298.267,0.301,0.306
1632563298.566,0.306,0.306
1632563298.865,0.306,0.306
1632563299.168,0.306,0.306
1632563299.467,0.306,0.306
1632563299.767,0.306,0.306
1632563300.07,0.306,0.306
1632563300.369,0.306,0.306
1632563300.668,0.306,0.306
1632563300.971,0.306,0.306
1632563301.27,0.306,0.306
1632563301.569,0.306,0.306
1632563301.868,0.31,0.306
1632563302.171,0.31,0.31
1632563302.47,0.306,0.31
1632563302.769,0.31,0.31
1632563303.072,0.306,0.31
1632563303.371,0.306,0.31
1632563303.67,0.306,0.31
1632563303.973,0.306,0.31
1632563304.272,0.306,0.31
1632563304.571,0.31,0.31
1632563304.874,0.306,0.31
1632563305.173,0.31,0.31
1632563305.472,0.306,0.31
1632563305.771,0.31,0.31
1632563306.074,0.306,0.31
1632563306.373,0.306,0.31
1632563306.672,0.306,0.31
1632563306.975,0.306,0.31
1632563307.274,0.306,0.31
1632563307.573,0.306,0.31
1632563307.876,0.306,0.31
1632563308.175,0.301,0.31
1632563308.474,0.306,0.306
1632563308.777,0.306,0.306
1632563309.076,0.301,0.306
1632563309.375,0.306,0.306
1632563309.674,0.306,0.306
1632563309.977,0.301,0.306
1632563310.276,0.301,0.306
1632563310.575,0.301,0.306
1632563310.878,0.301,0.306
1632563311.177,0.301,0.306
1632563311.476,0.301,0.306
1632563311.779,0.301,0.306
1632563312.078,0.301,0.306
1632563312.377,0.31,0.306
1632563312.681,0.301,0.306
1632563312.98,0.301,0.306
1632563313.279,0.301,0.306
1632563313.578,0.297,0.306
1632563313.881,0.301,0.306
1632563314.18,0.301,0.306
1632563314.479,0.301,0.306
1632563314.782,0.301,0.306
1632563315.081,0.301,0.306
1632563315.38,0.306,0.306
1632563315.683,0.301,0.301
1632563315.982,0.306,0.301
1632563316.281,0.306,0.306
1632563316.584,0.301,0.306
1632563316.883,0.301,0.306
1632563317.182,0.306,0.306
1632563317.481,0.306,0.306
1632563317.784,0.306,0.306
1632563318.083,0.306,0.306
1632563318.382,0.306,0.306
1632563318.685,0.31,0.306
1632563318.984,0.306,0.306
1632563319.283,0.306,0.306
1632563319.586,0.306,0.306
1632563319.885,0.306,0.306
1632563320.184,0.306,0.31
1632563320.487,0.306,0.31
1632563320.786,0.306,0.31
1632563321.085,0.306,0.31
1632563321.384,0.306,0.31
1632563321.687,0.306,0.31
1632563321.986,0.306,0.306
1632563322.285,0.31,0.306
1632563322.588,0.306,0.31
1632563322.887,0.306,0.31
1632563323.186,0.306,0.31
1632563323.489,0.306,0.31
1632563323.788,0.306,0.31
1632563324.087,0.306,0.31
1632563324.39,0.306,0.31
1632563324.689,0.306,0.31
1632563324.988,0.306,0.31
1632563325.288,0.301,0.31
1632563325.591,0.301,0.306
1632563325.89,0.301,0.306
1632563326.189,0.306,0.306
1632563326.492,0.301,0.306
1632563326.791,0.301,0.306
1632563327.09,0.301,0.306
1632563327.393,0.301,0.306
1632563327.692,0.301,0.306
1632563327.991,0.301,0.306
1632563328.294,0.301,0.306
1632563328.593,0.301,0.306
1632563328.892,0.301,0.306
1632563329.191,0.301,0.306
1632563329.494,0.301,0.301
1632563329.793,0.301,0.301
1632563330.092,0.31,0.301
1632563330.395,0.306,0.306
1632563330.694,0.301,0.306
1632563330.993,0.301,0.306
1632563331.296,0.301,0.306
1632563331.595,0.301,0.306
1632563331.894,0.301,0.306
1632563332.197,0.301,0.306
1632563332.496,0.301,0.306
1632563332.795,0.301,0.306
1632563333.094,0.306,0.306
1632563333.397,0.306,0.306
1632563333.696,0.306,0.306
1632563333.995,0.306,0.306
1632563334.298,0.306,0.306
1632563334.597,0.306,0.306
1632563334.896,0.306,0.306
1632563335.199,0.306,0.306
1632563335.498,0.306,0.306
1632563335.797,0.306,0.306
1632563336.1,0.306,0.306
1632563336.399,0.306,0.306
1632563336.698,0.306,0.306
1632563336.997,0.306,0.306
1632563337.3,0.306,0.306
1632563337.599,0.306,0.306
1632563337.899,0.31,0.306
1632563338.202,0.306,0.31
1632563338.501,0.306,0.31
1632563338.8,0.306,0.31
1632563339.103,0.292,0.31
1632563339.402,0.306,0.306
1632563339.701,0.31,0.306
1632563340.004,0.306,0.306
1632563340.303,0.306,0.306
1632563340.602,0.31,0.306
1632563340.901,0.306,0.306
1632563341.204,0.306,0.306
1632563341.503,0.306,0.306
1632563341.802,0.306,0.306
1632563342.105,0.31,0.306
1632563342.404,0.315,0.31
1632563342.703,0.306,0.31
1632563343.006,0.301,0.31
1632563343.305,0.315,0.31
1632563343.604,0.301,0.31
1632563343.907,0.306,0.31
1632563344.206,0.301,0.31
1632563344.505,0.301,0.31
1632563344.804,0.301,0.31
1632563345.107,0.301,0.306
1632563345.406,0.301,0.306
1632563345.705,0.301,0.306
1632563346.008,0.297,0.306
1632563346.307,0.301,0.306
1632563346.606,0.301,0.301
1632563346.909,0.301,0.301
1632563347.208,0.301,0.301
1632563347.507,0.297,0.301
1632563347.81,0.301,0.301
1632563348.109,0.306,0.301
1632563348.408,0.31,0.301
1632563348.711,0.306,0.306
1632563349.01,0.306,0.306
1632563349.309,0.301,0.306
1632563349.608,0.301,0.306
1632563349.911,0.301,0.306
1632563350.21,0.306,0.306
1632563350.51,0.306,0.306
1632563350.813,0.301,0.306
1632563351.112,0.306,0.306
1632563351.411,0.287,0.306
1632563351.714,0.287,0.306
1632563352.013,0.283,0.301
1632563352.312,0.273,0.301
1632563352.615,0.278,0.297
1632563352.914,0.278,0.297
1632563353.213,0.278,0.292
1632563353.512,0.278,0.292
1632563353.815,0.278,0.287
1632563354.114,0.278,0.283
1632563354.413,0.278,0.283
1632563354.716,0.278,0.283
1632563355.015,0.278,0.278
1632563355.314,0.278,0.278
1632563355.617,0.278,0.278
1632563355.916,0.278,0.278
1632563356.215,0.278,0.278
1632563356.518,0.278,0.278
1632563356.817,0.278,0.278
1632563357.116,0.278,0.278
1632563357.415,0.278,0.278
1632563357.718,0.278,0.278
1632563358.017,0.278,0.278
1632563358.316,0.278,0.278
1632563358.619,0.273,0.278
1632563358.918,0.273,0.278
1632563359.217,0.273,0.278
1632563359.52,0.269,0.278
1632563359.819,0.273,0.278
1632563360.118,0.273,0.278
1632563360.421,0.269,0.278
1632563360.72,0.273,0.278
1632563361.02,0.269,0.273
1632563361.319,0.273,0.273
1632563361.622,0.273,0.273
1632563361.921,0.269,0.273
1632563362.22,0.269,0.273
1632563362.523,0.269,0.273
1632563362.822,0.269,0.273
1632563363.121,0.269,0.273
1632563363.424,0.273,0.273
1632563363.723,0.269,0.273
1632563364.022,0.273,0.273
1632563364.321,0.273,0.273
1632563364.624,0.273,0.273
1632563364.923,0.273,0.273
1632563365.222,0.273,0.273
1632563365.525,0.278,0.273
1632563365.824,0.273,0.273
1632563366.123,0.273,0.273
1632563366.426,0.278,0.273
1632563366.725,0.278,0.278
1632563367.024,0.278,0.278
1632563367.327,0.278,0.278
1632563367.626,0.278,0.278
1632563367.925,0.278,0.278
1632563368.224,0.278,0.278
1632563368.527,0.278,0.278
1632563368.826,0.273,0.278
1632563369.125,0.278,0.278
1632563369.428,0.273,0.278
1632563369.727,0.278,0.278
1632563370.026,0.278,0.278
1632563370.329,0.278,0.278
1632563370.628,0.278,0.278
1632563370.927,0.278,0.278
1632563371.23,0.273,0.278
1632563371.529,0.273,0.278
1632563371.828,0.273,0.278
1632563372.127,0.273,0.278
1632563372.43,0.273,0.278
1632563372.729,0.269,0.278
1632563373.028,0.273,0.278
1632563373.331,0.273,0.278
1632563373.631,0.273,0.278
1632563373.93,0.273,0.273
1632563374.232,0.273,0.273
1632563374.532,0.273,0.273
1632563374.831,0.269,0.273
1632563375.134,0.273,0.273
1632563375.433,0.269,0.273
1632563375.732,0.273,0.273
1632563376.031,0.273,0.273
1632563376.334,0.269,0.273
1632563376.633,0.273,0.273
1632563376.932,0.273,0.273
1632563377.235,0.269,0.273
1632563377.534,0.273,0.273
1632563377.833,0.273,0.273
1632563378.136,0.269,0.273
1632563378.435,0.273,0.273
1632563378.734,0.273,0.273
1632563379.037,0.273,0.273
1632563379.336,0.273,0.273
1632563379.635,0.273,0.273
1632563379.934,0.273,0.273
1632563380.237,0.278,0.273
1632563380.536,0.273,0.273
1632563380.835,0.273,0.273
1632563381.138,0.273,0.273
1632563381.437,0.273,0.278
1632563381.736,0.278,0.278
1632563382.039,0.278,0.278
1632563382.338,0.278,0.278
1632563382.637,0.278,0.278
1632563382.94,0.278,0.278
1632563383.239,0.278,0.278
1632563383.538,0.278,0.278
1632563383.837,0.278,0.278
1632563384.14,0.278,0.278
1632563384.439,0.278,0.278
1632563384.738,0.278,0.278
1632563385.041,0.278,0.278
1632563385.34,0.278,0.278
1632563385.64,0.278,0.278
1632563385.942,0.278,0.278
1632563386.241,0.278,0.278
1632563386.54,0.273,0.278
1632563386.843,0.273,0.278
1632563387.143,0.273,0.278
1632563387.442,0.273,0.278
1632563387.741,0.273,0.278
1632563388.044,0.273,0.278
1632563388.343,0.273,0.278
1632563388.642,0.273,0.278
1632563388.945,0.273,0.278
1632563389.244,0.273,0.278
1632563389.543,0.273,0.273
1632563389.846,0.273,0.273
1632563390.145,0.273,0.273
1632563390.444,0.273,0.273
1632563390.747,0.273,0.273
1632563391.046,0.273,0.273
1632563391.345,0.269,0.273
1632563391.644,0.273,0.273
1632563391.947,0.273,0.273
1632563392.246,0.269,0.273
1632563392.545,0.273,0.273
1632563392.848,0.273,0.273
1632563393.147,0.273,0.273
1632563393.446,0.273,0.273
1632563393.749,0.273,0.273
1632563394.048,0.273,0.273
1632563394.347,0.273,0.273
1632563394.65,0.278,0.273
1632563394.949,0.273,0.273
1632563395.248,0.273,0.273
1632563395.547,0.278,0.278
1632563395.85,0.278,0.278
1632563396.149,0.278,0.278
1632563396.448,0.278,0.278
1632563396.751,0.278,0.278
1632563397.05,0.278,0.278
1632563397.349,0.278,0.278
1632563397.652,0.278,0.278
1632563397.951,0.278,0.278
1632563398.25,0.278,0.278
1632563398.553,0.278,0.278
1632563398.852,0.278,0.278
1632563399.152,0.278,0.278
1632563399.451,0.278,0.278
1632563399.754,0.278,0.278
1632563400.053,0.273,0.278
1632563400.352,0.278,0.278
1632563400.655,0.273,0.278
1632563400.954,0.278,0.278
1632563401.253,0.287,0.278
1632563401.556,0.287,0.278
1632563401.855,0.273,0.283
1632563402.154,0.273,0.283
1632563402.457,0.273,0.278
1632563402.756,0.273,0.278
1632563403.055,0.273,0.278
1632563403.354,0.269,0.278
1632563403.657,0.273,0.278
1632563403.956,0.273,0.278
1632563404.255,0.273,0.278
1632563404.558,0.273,0.278
1632563404.857,0.273,0.273
1632563405.156,0.273,0.273
1632563405.459,0.269,0.273
1632563405.758,0.273,0.273
1632563406.057,0.273,0.273
1632563406.36,0.273,0.273
1632563406.659,0.273,0.273
1632563406.958,0.273,0.273
1632563407.257,0.273,0.273
1632563407.56,0.278,0.273
1632563407.859,0.287,0.273
1632563408.158,0.287,0.278
1632563408.461,0.283,0.278
1632563408.76,0.283,0.278
1632563409.059,0.283,0.283
1632563409.362,0.278,0.283
1632563409.661,0.278,0.283
1632563409.96,0.278,0.283
1632563410.263,0.278,0.283
1632563410.562,0.278,0.283
1632563410.861,0.278,0.283
1632563411.16,0.278,0.283
1632563411.464,0.278,0.283
1632563411.763,0.278,0.283
1632563412.062,0.273,0.283
1632563412.364,0.278,0.278
1632563412.664,0.278,0.278
1632563412.963,0.278,0.278
1632563413.266,0.278,0.278
1632563413.565,0.278,0.278
1632563413.864,0.278,0.278
1632563414.167,0.283,0.278
1632563414.466,0.278,0.278
1632563414.765,0.278,0.278
1632563415.064,0.278,0.278
1632563415.367,0.273,0.283
1632563415.666,0.278,0.278
1632563415.965,0.278,0.278
1632563416.268,0.278,0.278
1632563416.567,0.278,0.278
1632563416.866,0.273,0.278
1632563417.169,0.278,0.278
1632563417.468,0.273,0.278
1632563417.767,0.273,0.278
1632563418.07,0.278,0.278
1632563418.369,0.273,0.278
1632563418.668,0.273,0.278
1632563418.967,0.273,0.278
1632563419.27,0.273,0.278
1632563419.569,0.273,0.278
1632563419.868,0.273,0.278
1632563420.171,0.273,0.278
1632563420.47,0.273,0.278
1632563420.769,0.273,0.278
1632563421.072,0.273,0.278
1632563421.371,0.273,0.273
1632563421.67,0.273,0.273
1632563421.973,0.273,0.273
1632563422.272,0.273,0.273
1632563422.571,0.273,0.273
1632563422.87,0.273,0.273
1632563423.173,0.273,0.273
1632563423.473,0.273,0.273
1632563423.772,0.273,0.273
1632563424.074,0.273,0.273
1632563424.374,0.278,0.273
1632563424.673,0.278,0.278
1632563424.975,0.278,0.278
1632563425.275,0.278,0.278
1632563425.574,0.278,0.278
1632563425.877,0.278,0.278
1632563426.176,0.278,0.278
1632563426.475,0.278,0.278
1632563426.774,0.278,0.278
1632563427.077,0.278,0.278
1632563427.376,0.273,0.278
1632563427.675,0.278,0.278
1632563427.979,0.278,0.278
1632563428.277,0.278,0.278
1632563428.576,0.278,0.278
1632563428.879,0.278,0.278
1632563429.178,0.278,0.278
1632563429.477,0.283,0.278
1632563429.78,0.278,0.278
1632563430.079,0.278,0.278
1632563430.378,0.283,0.278
1632563430.677,0.278,0.283
1632563430.98,0.278,0.283
1632563431.279,0.278,0.283
1632563431.578,0.278,0.283
1632563431.881,0.278,0.283
1632563432.18,0.278,0.283
1632563432.479,0.278,0.283
1632563432.782,0.278,0.283
1632563433.081,0.278,0.283
1632563433.38,0.278,0.283
1632563433.683,0.278,0.278
1632563433.982,0.273,0.278
1632563434.281,0.278,0.278
1632563434.58,0.278,0.278
1632563434.883,0.278,0.278
1632563435.182,0.273,0.278
1632563435.481,0.278,0.278
1632563435.784,0.273,0.278
1632563436.083,0.273,0.278
1632563436.383,0.273,0.278
1632563436.685,0.273,0.278
1632563436.984,0.273,0.278
1632563437.284,0.269,0.278
1632563437.586,0.273,0.278
1632563437.886,0.269,0.278
1632563438.185,0.273,0.273
1632563438.484,0.273,0.273
1632563438.787,0.273,0.273
1632563439.086,0.273,0.273
1632563439.385,0.273,0.273
1632563439.688,0.273,0.273
1632563439.987,0.273,0.273
1632563440.286,0.273,0.273
1632563440.589,0.273,0.273
1632563440.888,0.273,0.273
1632563441.187,0.273,0.273
1632563441.49,0.273,0.273
1632563441.789,0.273,0.273
1632563442.088,0.273,0.273
1632563442.387,0.273,0.273
1632563442.69,0.273,0.273
1632563442.989,0.278,0.273
1632563443.288,0.273,0.278
1632563443.591,0.278,0.278
1632563443.89,0.278,0.278
1632563444.189,0.278,0.278
1632563444.492,0.278,0.278
1632563444.791,0.278,0.278
1632563445.09,0.278,0.278
1632563445.393,0.278,0.278
1632563445.692,0.278,0.278
1632563445.991,0.278,0.278
1632563446.29,0.278,0.278
1632563446.593,0.278,0.278
1632563446.892,0.278,0.278
1632563447.191,0.278,0.278
1632563447.494,0.278,0.278
1632563447.793,0.283,0.278
1632563448.092,0.278,0.283
1632563448.395,0.278,0.283
1632563448.694,0.278,0.283
1632563448.993,0.278,0.283
1632563449.296,0.278,0.283
1632563449.595,0.278,0.283
1632563449.895,0.283,0.283
1632563450.194,0.283,0.283
1632563450.497,0.278,0.283
1632563450.796,0.278,0.283
1632563451.095,0.278,0.283
1632563451.398,0.278,0.283
1632563451.697,0.278,0.283
1632563451.996,0.273,0.283
1632563452.299,0.278,0.283
1632563452.598,0.273,0.283
1632563452.897,0.273,0.278
1632563453.2,0.273,0.278
1632563453.499,0.273,0.278
1632563453.798,0.273,0.278
1632563454.097,0.273,0.278
1632563454.4,0.273,0.278
1632563454.699,0.273,0.278
1632563454.998,0.273,0.278
1632563455.301,0.273,0.278
1632563455.6,0.273,0.273
1632563455.899,0.273,0.273
1632563456.202,0.273,0.273
1632563456.501,0.273,0.273
1632563456.8,0.273,0.273
1632563457.103,0.273,0.273
1632563457.402,0.273,0.273
1632563457.701,0.273,0.273
1632563458.0,0.269,0.273
1632563458.303,0.273,0.273
1632563458.602,0.273,0.273
1632563458.901,0.269,0.273
1632563459.204,0.273,0.273
1632563459.503,0.273,0.273
1632563459.802,0.273,0.273
1632563460.105,0.273,0.273
1632563460.404,0.273,0.273
1632563460.703,0.278,0.273
1632563461.006,0.278,0.273
1632563461.305,0.273,0.278
1632563461.604,0.278,0.278
1632563461.904,0.278,0.278
1632563462.206,0.278,0.278
1632563462.506,0.278,0.278
1632563462.805,0.278,0.278
1632563463.107,0.278,0.278
1632563463.407,0.278,0.278
1632563463.706,0.278,0.278
1632563464.009,0.278,0.278
1632563464.308,0.278,0.278
1632563464.607,0.278,0.278
1632563464.91,0.278,0.278
1632563465.209,0.278,0.278
1632563465.508,0.283,0.278
1632563465.807,0.278,0.283
1632563466.11,0.278,0.283
1632563466.409,0.278,0.283
1632563466.708,0.278,0.283
1632563467.011,0.278,0.283
1632563467.31,0.278,0.283
1632563467.609,0.278,0.283
1632563467.912,0.283,0.283
1632563468.211,0.297,0.283
1632563468.51,0.283,0.283
1632563468.813,0.283,0.283
1632563469.112,0.287,0.283
1632563469.411,0.283,0.283
1632563469.71,0.278,0.283
1632563470.013,0.273,0.283
1632563470.312,0.273,0.283
1632563470.611,0.273,0.283
1632563470.914,0.273,0.283
1632563471.213,0.273,0.283
1632563471.512,0.273,0.278
1632563471.815,0.273,0.278
1632563472.114,0.273,0.278
1632563472.413,0.273,0.278
1632563472.716,0.273,0.278
1632563473.015,0.273,0.273
1632563473.314,0.273,0.273
1632563473.613,0.273,0.273
1632563473.916,0.273,0.273
1632563474.215,0.273,0.273
1632563474.515,0.269,0.273
1632563474.817,0.273,0.273
1632563475.116,0.273,0.273
1632563475.416,0.273,0.273
1632563475.719,0.273,0.273
1632563476.018,0.273,0.273
1632563476.317,0.273,0.273
1632563476.62,0.273,0.273
1632563476.919,0.273,0.273
1632563477.218,0.278,0.273
1632563477.517,0.273,0.273
1632563477.82,0.278,0.278
1632563478.119,0.278,0.278
1632563478.418,0.278,0.278
1632563478.721,0.278,0.278
1632563479.02,0.278,0.278
1632563479.319,0.278,0.278
1632563479.622,0.278,0.278
1632563479.921,0.278,0.278
1632563480.22,0.278,0.278
1632563480.523,0.278,0.278
1632563480.822,0.278,0.278
1632563481.121,0.278,0.278
1632563481.42,0.278,0.278
1632563481.723,0.278,0.278
1632563482.022,0.278,0.278
1632563482.321,0.278,0.278
1632563482.624,0.278,0.278
1632563482.923,0.278,0.278
1632563483.222,0.278,0.278
1632563483.525,0.278,0.278
1632563483.824,0.283,0.278
1632563484.123,0.283,0.283
1632563484.426,0.283,0.283
1632563484.725,0.278,0.283
1632563485.024,0.278,0.283
1632563485.323,0.278,0.283
1632563485.626,0.283,0.283
1632563485.925,0.283,0.283
1632563486.225,0.283,0.283
1632563486.527,0.278,0.283
1632563486.827,0.283,0.283
1632563487.126,0.278,0.283
1632563487.428,0.278,0.283
1632563487.728,0.278,0.283
1632563488.027,0.278,0.283
1632563488.33,0.278,0.283
1632563488.629,0.278,0.283
1632563488.928,0.278,0.283
1632563489.227,0.278,0.283
1632563489.53,0.278,0.283
1632563489.829,0.273,0.283
1632563490.128,0.278,0.278
1632563490.431,0.278,0.278
1632563490.73,0.273,0.278
1632563491.029,0.278,0.278
1632563491.332,0.273,0.278
1632563491.631,0.278,0.278
1632563491.93,0.269,0.278
1632563492.233,0.273,0.278
1632563492.532,0.273,0.278
1632563492.831,0.273,0.278
1632563493.13,0.273,0.278
1632563493.433,0.273,0.278
1632563493.732,0.273,0.278
1632563494.031,0.269,0.278
1632563494.334,0.273,0.273
1632563494.633,0.273,0.273
1632563494.932,0.278,0.273
1632563495.235,0.269,0.273
1632563495.534,0.278,0.273
1632563495.833,0.273,0.273
1632563496.132,0.273,0.273
1632563496.435,0.273,0.273
1632563496.734,0.278,0.273
1632563497.033,0.273,0.278
1632563497.336,0.273,0.278
1632563497.635,0.278,0.278
1632563497.934,0.273,0.278
1632563498.237,0.278,0.278
1632563498.536,0.278,0.278
1632563498.835,0.278,0.278
1632563499.138,0.278,0.278
1632563499.437,0.278,0.278
1632563499.736,0.278,0.278
1632563500.036,0.278,0.278
1632563500.339,0.278,0.278
1632563500.638,0.283,0.278
1632563500.937,0.278,0.278
1632563501.24,0.278,0.283
1632563501.539,0.278,0.283
1632563501.838,0.278,0.283
1632563502.141,0.283,0.283
1632563502.44,0.283,0.283
1632563502.739,0.278,0.283
1632563503.042,0.278,0.283
1632563503.341,0.278,0.283
1632563503.64,0.278,0.283
1632563503.939,0.278,0.283
1632563504.242,0.278,0.283
1632563504.541,0.283,0.283
1632563504.84,0.283,0.283
1632563505.143,0.278,0.283
1632563505.442,0.278,0.283
1632563505.741,0.278,0.283
1632563506.044,0.278,0.283
1632563506.343,0.278,0.283
1632563506.642,0.278,0.283
1632563506.945,0.278,0.283
1632563507.244,0.273,0.283
1632563507.543,0.278,0.283
1632563507.842,0.273,0.278
1632563508.145,0.273,0.278
1632563508.444,0.278,0.278
1632563508.743,0.278,0.278
1632563509.046,0.273,0.278
1632563509.345,0.278,0.278
1632563509.644,0.278,0.278
1632563509.947,0.273,0.278
1632563510.246,0.273,0.278
1632563510.545,0.273,0.278
1632563510.848,0.273,0.278
1632563511.147,0.273,0.278
1632563511.446,0.273,0.278
1632563511.745,0.273,0.278
1632563512.048,0.273,0.278
1632563512.348,0.273,0.278
1632563512.647,0.273,0.278
1632563512.949,0.278,0.273
1632563513.249,0.273,0.278
1632563513.548,0.273,0.278
1632563513.85,0.273,0.278
1632563514.15,0.278,0.278
1632563514.449,0.273,0.278
1632563514.752,0.278,0.278
1632563515.051,0.278,0.278
1632563515.35,0.278,0.278
1632563515.649,0.278,0.278
1632563515.952,0.283,0.278
1632563516.251,0.278,0.278
1632563516.55,0.278,0.278
1632563516.853,0.278,0.278
1632563517.152,0.278,0.278
1632563517.451,0.283,0.278
1632563517.754,0.283,0.283
1632563518.053,0.283,0.283
1632563518.352,0.283,0.283
1632563518.655,0.278,0.283
1632563518.954,0.283,0.283
1632563519.253,0.283,0.283
1632563519.552,0.278,0.283
1632563519.855,0.283,0.283
1632563520.154,0.287,0.283
1632563520.453,0.283,0.283
1632563520.756,0.283,0.283
1632563521.055,0.283,0.283
1632563521.354,0.283,0.283
1632563521.657,0.283,0.283
1632563521.956,0.283,0.283
1632563522.255,0.283,0.283
1632563522.558,0.278,0.283
1632563522.857,0.278,0.283
1632563523.156,0.283,0.283
1632563523.455,0.283,0.283
1632563523.758,0.278,0.283
1632563524.057,0.278,0.283
1632563524.356,0.278,0.283
1632563524.659,0.278,0.283
1632563524.958,0.278,0.283
1632563525.258,0.278,0.283
1632563525.56,0.278,0.283
1632563525.859,0.273,0.283
1632563526.159,0.278,0.283
1632563526.462,0.278,0.278
1632563526.761,0.278,0.278
1632563527.06,0.278,0.278
1632563527.359,0.278,0.278
1632563527.662,0.278,0.278
1632563527.961,0.283,0.278
1632563528.26,0.283,0.278
1632563528.563,0.287,0.283
1632563528.862,0.283,0.283
1632563529.161,0.283,0.283
1632563529.464,0.283,0.283
1632563529.763,0.273,0.283
1632563530.062,0.273,0.283
1632563530.365,0.278,0.283
1632563530.664,0.278,0.283
1632563530.963,0.278,0.283
1632563531.262,0.273,0.283
1632563531.565,0.278,0.283
1632563531.864,0.278,0.278
1632563532.163,0.273,0.278
1632563532.466,0.273,0.278
1632563532.765,0.278,0.278
1632563533.064,0.278,0.278
1632563533.367,0.278,0.278
1632563533.666,0.278,0.278
1632563533.965,0.278,0.278
1632563534.268,0.278,0.278
1632563534.567,0.278,0.278
1632563534.866,0.278,0.278
1632563535.165,0.278,0.278
1632563535.468,0.278,0.278
1632563535.767,0.278,0.278
1632563536.066,0.278,0.278
1632563536.369,0.278,0.278
1632563536.668,0.278,0.278
1632563536.967,0.283,0.278
1632563537.27,0.278,0.283
1632563537.569,0.278,0.283
1632563537.868,0.278,0.283
1632563538.171,0.278,0.283
1632563538.471,0.278,0.283
1632563538.77,0.278,0.283
1632563539.069,0.278,0.283
1632563539.372,0.283,0.283
1632563539.671,0.278,0.283
1632563539.97,0.278,0.283
1632563540.273,0.278,0.283
1632563540.572,0.278,0.283
1632563540.871,0.278,0.283
1632563541.174,0.278,0.283
1632563541.473,0.278,0.283
1632563541.772,0.278,0.283
1632563542.075,0.278,0.283
1632563542.374,0.278,0.283
1632563542.673,0.278,0.278
1632563542.972,0.278,0.278
1632563543.275,0.278,0.278
1632563543.574,0.278,0.278
1632563543.873,0.278,0.278
1632563544.176,0.278,0.278
1632563544.475,0.273,0.278
1632563544.774,0.273,0.278
1632563545.077,0.273,0.278
1632563545.376,0.273,0.278
1632563545.675,0.273,0.278
1632563545.978,0.273,0.278
1632563546.277,0.273,0.278
1632563546.576,0.273,0.278
1632563546.875,0.273,0.278
1632563547.178,0.273,0.278
1632563547.477,0.273,0.273
1632563547.776,0.269,0.273
1632563548.079,0.273,0.273
1632563548.378,0.273,0.273
1632563548.677,0.273,0.273
1632563548.98,0.273,0.273
1632563549.279,0.273,0.273
1632563549.578,0.273,0.273
1632563549.881,0.273,0.273
1632563550.18,0.273,0.273
1632563550.48,0.273,0.273
1632563550.779,0.273,0.273
1632563551.082,0.273,0.273
1632563551.381,0.278,0.273
1632563551.68,0.278,0.278
1632563551.983,0.283,0.278
1632563552.282,0.283,0.278
1632563552.581,0.278,0.278
1632563552.884,0.283,0.278
1632563553.183,0.278,0.278
1632563553.482,0.283,0.278
1632563553.785,0.278,0.283
1632563554.084,0.283,0.283
1632563554.383,0.278,0.283
1632563554.682,0.278,0.283
1632563554.985,0.283,0.283
1632563555.284,0.283,0.283
1632563555.583,0.283,0.283
1632563555.886,0.283,0.283
1632563556.185,0.283,0.283
1632563556.484,0.278,0.283
1632563556.787,0.283,0.283
1632563557.086,0.283,0.283
1632563557.385,0.283,0.283
1632563557.688,0.283,0.283
1632563557.987,0.283,0.283
1632563558.286,0.278,0.283
1632563558.585,0.283,0.283
1632563558.888,0.278,0.283
1632563559.187,0.278,0.283
1632563559.486,0.283,0.283
1632563559.789,0.278,0.283
1632563560.088,0.278,0.283
1632563560.387,0.278,0.283
1632563560.69,0.278,0.283
1632563560.989,0.278,0.283
1632563561.288,0.278,0.283
1632563561.591,0.278,0.283
1632563561.89,0.278,0.283
1632563562.189,0.278,0.283
1632563562.488,0.278,0.283
1632563562.791,0.273,0.278
1632563563.09,0.273,0.278
1632563563.39,0.278,0.278
1632563563.692,0.273,0.278
1632563563.991,0.273,0.278
1632563564.291,0.278,0.278
1632563564.594,0.273,0.278
1632563564.893,0.273,0.278
1632563565.192,0.273,0.278
1632563565.495,0.273,0.278
1632563565.794,0.273,0.278
1632563566.093,0.273,0.278
1632563566.392,0.273,0.278
1632563566.695,0.278,0.278
1632563566.994,0.273,0.278
1632563567.293,0.273,0.278
1632563567.596,0.273,0.278
1632563567.895,0.278,0.278
1632563568.194,0.278,0.278
1632563568.497,0.278,0.278
1632563568.796,0.278,0.278
1632563569.095,0.278,0.278
1632563569.398,0.278,0.278
1632563569.697,0.278,0.278
1632563569.996,0.278,0.278
1632563570.295,0.278,0.278
1632563570.598,0.278,0.278
1632563570.897,0.278,0.278
1632563571.196,0.278,0.278
1632563571.499,0.278,0.278
1632563571.798,0.278,0.278
1632563572.097,0.278,0.278
1632563572.4,0.278,0.278
1632563572.699,0.278,0.278
1632563572.998,0.278,0.278
1632563573.301,0.278,0.278
1632563573.6,0.278,0.278
1632563573.899,0.278,0.278
1632563574.198,0.283,0.278
1632563574.501,0.278,0.283
1632563574.8,0.278,0.283
1632563575.099,0.278,0.283
1632563575.402,0.278,0.283
1632563575.701,0.278,0.283
1632563576.001,0.278,0.283
1632563576.303,0.273,0.283
1632563576.602,0.273,0.278
1632563576.902,0.273,0.278
1632563577.205,0.278,0.278
1632563577.504,0.273,0.278
1632563577.803,0.273,0.278
1632563578.102,0.273,0.278
1632563578.405,0.273,0.278
1632563578.704,0.273,0.278
1632563579.003,0.273,0.278
1632563579.306,0.278,0.278
1632563579.605,0.273,0.278
1632563579.904,0.273,0.278
1632563580.207,0.273,0.278
1632563580.506,0.273,0.278
1632563580.805,0.273,0.278
1632563581.108,0.283,0.278
1632563581.407,0.273,0.278
1632563581.706,0.273,0.278
1632563582.005,0.273,0.278
1632563582.308,0.278,0.278
1632563582.607,0.278,0.278
1632563582.906,0.278,0.278
1632563583.209,0.278,0.278
1632563583.508,0.278,0.278
1632563583.807,0.278,0.278
1632563584.11,0.278,0.278
1632563584.409,0.278,0.278
1632563584.708,0.278,0.278
1632563585.011,0.278,0.278
1632563585.31,0.278,0.278
1632563585.609,0.278,0.278
1632563585.908,0.283,0.278
1632563586.211,0.278,0.283
1632563586.51,0.278,0.283
1632563586.809,0.278,0.283
1632563587.112,0.278,0.283
1632563587.411,0.283,0.283
1632563587.71,0.283,0.283
1632563588.013,0.301,0.283
1632563588.312,0.292,0.283
1632563588.611,0.287,0.287
1632563588.911,0.287,0.287
1632563589.214,0.283,0.287
1632563589.513,0.278,0.287
1632563589.812,0.278,0.287
1632563590.115,0.278,0.287
1632563590.414,0.273,0.287
1632563590.713,0.278,0.287
1632563591.016,0.278,0.287
1632563591.315,0.273,0.283
1632563591.614,0.278,0.283
1632563591.917,0.273,0.283
1632563592.216,0.273,0.278
1632563592.515,0.273,0.278
1632563592.814,0.273,0.278
1632563593.117,0.273,0.278
1632563593.416,0.273,0.278
1632563593.715,0.273,0.278
1632563594.018,0.273,0.278
1632563594.317,0.273,0.278
1632563594.616,0.273,0.278
1632563594.919,0.273,0.273
1632563595.218,0.273,0.273
1632563595.517,0.273,0.273
1632563595.82,0.278,0.273
1632563596.119,0.278,0.278
1632563596.418,0.278,0.278
1632563596.717,0.278,0.278
1632563597.02,0.278,0.278
1632563597.319,0.278,0.278
1632563597.618,0.283,0.278
1632563597.921,0.283,0.278
1632563598.22,0.283,0.278
1632563598.519,0.278,0.283
1632563598.822,0.278,0.283
1632563599.121,0.283,0.283
1632563599.42,0.278,0.283
1632563599.723,0.278,0.283
1632563600.022,0.278,0.283
1632563600.321,0.278,0.283
1632563600.62,0.283,0.283
1632563600.923,0.278,0.283
1632563601.223,0.278,0.283
1632563601.522,0.278,0.283
1632563601.824,0.278,0.283
1632563602.124,0.278,0.283
1632563602.423,0.278,0.283
1632563602.726,0.278,0.283
1632563603.025,0.278,0.283
1632563603.324,0.278,0.283
1632563603.627,0.273,0.283
1632563603.926,0.273,0.278
1632563604.225,0.278,0.278
1632563604.524,0.273,0.278
1632563604.827,0.273,0.278
1632563605.126,0.273,0.278
1632563605.425,0.273,0.278
1632563605.728,0.273,0.278
1632563606.027,0.273,0.278
1632563606.326,0.273,0.278
1632563606.629,0.273,0.278
1632563606.928,0.273,0.278
1632563607.227,0.273,0.278
1632563607.53,0.273,0.273
1632563607.829,0.273,0.273
1632563608.128,0.273,0.273
1632563608.427,0.273,0.273
1632563608.73,0.278,0.273
1632563609.029,0.273,0.278
1632563609.328,0.278,0.278
1632563609.631,0.278,0.278
1632563609.93,0.278,0.278
1632563610.229,0.278,0.278
1632563610.532,0.278,0.278
1632563610.831,0.283,0.278
1632563611.13,0.278,0.278
1632563611.433,0.278,0.278
1632563611.732,0.283,0.278
1632563612.031,0.278,0.283
1632563612.33,0.278,0.283
1632563612.633,0.278,0.283
1632563612.932,0.278,0.283
1632563613.231,0.278,0.283
1632563613.534,0.278,0.283
1632563613.834,0.278,0.283
1632563614.133,0.283,0.283
1632563614.436,0.283,0.283
1632563614.735,0.283,0.283
1632563615.034,0.283,0.283
1632563615.337,0.278,0.283
1632563615.636,0.278,0.283
1632563615.935,0.278,0.283
1632563616.234,0.278,0.283
1632563616.537,0.278,0.283
1632563616.836,0.278,0.283
1632563617.135,0.278,0.283
1632563617.438,0.278,0.283
1632563617.737,0.273,0.283
1632563618.036,0.278,0.278
1632563618.339,0.273,0.278
1632563618.638,0.273,0.278
1632563618.937,0.273,0.278
1632563619.24,0.273,0.278
1632563619.539,0.273,0.278
1632563619.838,0.273,0.278
1632563620.137,0.273,0.278
1632563620.44,0.273,0.278
1632563620.739,0.273,0.278
1632563621.038,0.273,0.278
1632563621.341,0.273,0.273
1632563621.64,0.283,0.273
1632563621.939,0.278,0.278
1632563622.242,0.273,0.278
1632563622.541,0.273,0.278
1632563622.84,0.278,0.278
1632563623.143,0.278,0.278
1632563623.442,0.278,0.278
1632563623.741,0.278,0.278
1632563624.04,0.278,0.278
1632563624.343,0.278,0.278
1632563624.642,0.278,0.278
1632563624.941,0.278,0.278
1632563625.244,0.278,0.278
1632563625.543,0.278,0.278
1632563625.842,0.283,0.278
1632563626.145,0.278,0.283
1632563626.444,0.283,0.283
1632563626.743,0.278,0.283
1632563627.046,0.278,0.283
1632563627.346,0.278,0.283
1632563627.645,0.278,0.283
1632563627.944,0.283,0.283
1632563628.247,0.278,0.283
1632563628.546,0.278,0.283
1632563628.845,0.283,0.283
1632563629.148,0.278,0.283
1632563629.447,0.278,0.283
1632563629.746,0.278,0.283
1632563630.049,0.278,0.283
1632563630.348,0.278,0.283
1632563630.647,0.278,0.283
1632563630.95,0.273,0.283
1632563631.249,0.273,0.278
1632563631.548,0.278,0.278
1632563631.847,0.273,0.278
1632563632.15,0.273,0.278
1632563632.449,0.273,0.278
1632563632.748,0.273,0.278
1632563633.051,0.273,0.278
1632563633.35,0.273,0.278
1632563633.649,0.273,0.278
1632563633.952,0.273,0.278
1632563634.251,0.269,0.278
1632563634.55,0.273,0.273
1632563634.853,0.273,0.273
1632563635.152,0.278,0.273
1632563635.451,0.273,0.273
1632563635.75,0.278,0.273
1632563636.053,0.278,0.278
1632563636.352,0.278,0.278
1632563636.651,0.278,0.278
1632563636.954,0.278,0.278
1632563637.253,0.278,0.278
1632563637.552,0.278,0.278
1632563637.855,0.283,0.278
1632563638.154,0.283,0.278
1632563638.453,0.283,0.283
1632563638.756,0.283,0.283
1632563639.055,0.287,0.283
1632563639.354,0.278,0.283
1632563639.654,0.278,0.283
1632563639.957,0.278,0.283
1632563640.256,0.283,0.283
1632563640.555,0.283,0.283
1632563640.858,0.283,0.283
1632563641.157,0.292,0.283
1632563641.456,0.283,0.283
1632563641.759,0.283,0.283
1632563642.058,0.283,0.283
1632563642.357,0.283,0.283
1632563642.66,0.283,0.283
1632563642.959,0.278,0.287
1632563643.258,0.283,0.287
1632563643.557,0.283,0.287
1632563643.86,0.278,0.287
1632563644.159,0.278,0.283
1632563644.458,0.278,0.283
1632563644.761,0.278,0.283
1632563645.06,0.278,0.283
1632563645.359,0.278,0.283
1632563645.662,0.278,0.283
1632563645.961,0.278,0.283
1632563646.26,0.273,0.283
1632563646.563,0.278,0.278
1632563646.862,0.278,0.278
1632563647.161,0.278,0.278
1632563647.46,0.273,0.278
1632563647.763,0.278,0.278
1632563648.062,0.283,0.278
1632563648.361,0.283,0.278
1632563648.664,0.283,0.278
1632563648.963,0.283,0.283
1632563649.263,0.283,0.283
1632563649.565,0.273,0.283
1632563649.864,0.278,0.283
1632563650.163,0.278,0.283
1632563650.466,0.278,0.283
1632563650.765,0.278,0.283
1632563651.064,0.278,0.283
1632563651.363,0.278,0.283
1632563651.667,0.278,0.283
1632563651.966,0.283,0.283
1632563652.265,0.278,0.283
1632563652.567,0.278,0.278
1632563652.867,0.278,0.283
1632563653.166,0.278,0.283
1632563653.469,0.283,0.283
1632563653.768,0.283,0.283
1632563654.067,0.283,0.283
1632563654.37,0.283,0.283
1632563654.669,0.283,0.283
1632563654.968,0.278,0.283
1632563655.267,0.278,0.283
1632563655.57,0.278,0.283
1632563655.869,0.283,0.283
1632563656.168,0.283,0.283
1632563656.471,0.278,0.283
1632563656.77,0.283,0.283
1632563657.069,0.283,0.283
1632563657.372,0.283,0.283
1632563657.671,0.283,0.283
1632563657.97,0.278,0.283
1632563658.273,0.278,0.283
1632563658.572,0.278,0.283
1632563658.871,0.278,0.283
1632563659.17,0.278,0.283
1632563659.473,0.278,0.283
1632563659.772,0.278,0.283
1632563660.071,0.278,0.283
1632563660.374,0.278,0.283
1632563660.673,0.278,0.283
1632563660.972,0.278,0.278
1632563661.275,0.278,0.278
1632563661.574,0.273,0.278
1632563661.873,0.273,0.278
1632563662.176,0.273,0.278
1632563662.475,0.273,0.278
1632563662.774,0.273,0.278
1632563663.073,0.273,0.278
1632563663.376,0.273,0.278
1632563663.675,0.273,0.278
1632563663.975,0.273,0.278
1632563664.277,0.273,0.278
1632563664.576,0.278,0.273
1632563664.876,0.273,0.278
1632563665.178,0.278,0.278
1632563665.478,0.278,0.278
1632563665.777,0.278,0.278
1632563666.08,0.278,0.278
1632563666.379,0.278,0.278
1632563666.678,0.278,0.278
1632563666.977,0.278,0.278
1632563667.28,0.278,0.278
1632563667.579,0.278,0.278
1632563667.878,0.278,0.278
1632563668.181,0.278,0.278
1632563668.48,0.283,0.278
1632563668.779,0.278,0.283
1632563669.082,0.278,0.283
1632563669.381,0.278,0.283
1632563669.68,0.278,0.283
1632563669.983,0.278,0.283
1632563670.282,0.278,0.283
1632563670.581,0.283,0.283
1632563670.88,0.283,0.283
1632563671.183,0.278,0.283
1632563671.482,0.283,0.283
1632563671.781,0.278,0.283
1632563672.084,0.278,0.283
1632563672.383,0.278,0.283
1632563672.682,0.278,0.283
1632563672.985,0.278,0.283
1632563673.284,0.278,0.283
1632563673.583,0.273,0.283
1632563673.886,0.273,0.283
1632563674.185,0.278,0.278
1632563674.484,0.278,0.278
1632563674.783,0.273,0.278
1632563675.086,0.273,0.278
1632563675.385,0.273,0.278
1632563675.684,0.273,0.278
1632563675.987,0.273,0.278
1632563676.286,0.273,0.278
1632563676.586,0.273,0.278
1632563676.888,0.273,0.278
1632563677.187,0.273,0.278
1632563677.487,0.273,0.278
1632563677.789,0.273,0.273
1632563678.089,0.273,0.273
1632563678.388,0.273,0.273
1632563678.687,0.269,0.273
1632563678.99,0.273,0.273
1632563679.289,0.273,0.273
1632563679.588,0.273,0.273
1632563679.891,0.273,0.273
1632563680.19,0.273,0.273
1632563680.489,0.273,0.273
1632563680.792,0.278,0.273
1632563681.091,0.278,0.273
1632563681.39,0.278,0.278
1632563681.693,0.273,0.278
1632563681.992,0.283,0.278
1632563682.291,0.278,0.278
1632563682.59,0.278,0.278
1632563682.893,0.278,0.278
1632563683.192,0.278,0.278
1632563683.491,0.278,0.278
1632563683.794,0.283,0.278
1632563684.093,0.278,0.283
1632563684.392,0.278,0.283
1632563684.695,0.278,0.283
1632563684.994,0.278,0.283
1632563685.293,0.278,0.283
1632563685.596,0.278,0.283
1632563685.895,0.278,0.283
1632563686.194,0.278,0.283
1632563686.493,0.278,0.283
1632563686.796,0.278,0.283
1632563687.095,0.278,0.278
1632563687.394,0.283,0.278
1632563687.697,0.283,0.283
1632563687.996,0.278,0.283
1632563688.295,0.278,0.283
1632563688.598,0.278,0.283
1632563688.897,0.273,0.283
1632563689.196,0.278,0.283
1632563689.496,0.278,0.283
1632563689.798,0.278,0.283
1632563690.098,0.273,0.283
1632563690.397,0.273,0.278
1632563690.699,0.273,0.278
1632563690.999,0.273,0.278
1632563691.298,0.273,0.278
1632563691.601,0.273,0.278
1632563691.9,0.273,0.278
1632563692.199,0.269,0.278
1632563692.502,0.273,0.278
1632563692.801,0.273,0.273
1632563693.1,0.273,0.273
1632563693.399,0.273,0.273
1632563693.702,0.273,0.273
1632563694.001,0.273,0.273
1632563694.3,0.273,0.273
1632563694.603,0.273,0.273
1632563694.902,0.273,0.273
1632563695.201,0.273,0.273
1632563695.504,0.269,0.273
1632563695.803,0.273,0.273
1632563696.102,0.269,0.273
1632563696.405,0.273,0.273
1632563696.704,0.273,0.273
1632563697.003,0.273,0.273
1632563697.302,0.273,0.273
1632563697.605,0.278,0.273
1632563697.904,0.278,0.273
1632563698.203,0.278,0.273
1632563698.506,0.278,0.278
1632563698.805,0.278,0.278
1632563699.104,0.278,0.278
1632563699.407,0.278,0.278
1632563699.706,0.278,0.278
1632563700.005,0.278,0.278
1632563700.308,0.278,0.278
1632563700.607,0.278,0.278
1632563700.906,0.278,0.278
1632563701.205,0.278,0.278
1632563701.508,0.278,0.278
1632563701.807,0.283,0.278
1632563702.107,0.278,0.283
1632563702.409,0.278,0.283
1632563702.709,0.283,0.283
1632563703.008,0.278,0.283
1632563703.31,0.278,0.283
1632563703.61,0.278,0.283
1632563703.909,0.278,0.283
1632563704.212,0.278,0.283
1632563704.511,0.278,0.283
1632563704.81,0.273,0.283
1632563705.109,0.273,0.278
1632563705.412,0.273,0.278
1632563705.711,0.273,0.278
1632563706.01,0.273,0.278
1632563706.313,0.273,0.278
1632563706.612,0.273,0.278
1632563706.911,0.273,0.278
1632563707.214,0.273,0.278
1632563707.513,0.273,0.278
1632563707.812,0.273,0.273
1632563708.115,0.278,0.273
1632563708.414,0.283,0.278
1632563708.713,0.278,0.278
1632563709.012,0.283,0.278
1632563709.315,0.273,0.278
1632563709.614,0.273,0.278
1632563709.913,0.273,0.278
1632563710.216,0.278,0.278
1632563710.515,0.273,0.278
1632563710.814,0.273,0.278
1632563711.117,0.278,0.278
1632563711.416,0.278,0.278
1632563711.715,0.278,0.278
1632563712.018,0.278,0.278
1632563712.317,0.278,0.278
1632563712.616,0.278,0.278
1632563712.915,0.278,0.278
1632563713.218,0.278,0.278
1632563713.517,0.278,0.278
1632563713.816,0.278,0.278
1632563714.119,0.278,0.278
1632563714.418,0.278,0.278
1632563714.718,0.278,0.278
1632563715.02,0.283,0.278
1632563715.319,0.278,0.283
1632563715.619,0.278,0.283
1632563715.922,0.278,0.283
1632563716.221,0.278,0.283
1632563716.52,0.278,0.283
1632563716.819,0.278,0.283
1632563717.122,0.278,0.283
1632563717.421,0.273,0.283
1632563717.72,0.278,0.278
1632563718.023,0.273,0.278
1632563718.322,0.273,0.278
1632563718.621,0.278,0.278
1632563718.924,0.273,0.278
1632563719.223,0.273,0.278
1632563719.522,0.269,0.278
1632563719.825,0.273,0.278
1632563720.124,0.273,0.278
1632563720.423,0.273,0.278
1632563720.722,0.273,0.278
1632563721.025,0.273,0.273
1632563721.324,0.273,0.273
1632563721.623,0.273,0.273
1632563721.926,0.273,0.273
1632563722.225,0.273,0.273
1632563722.524,0.273,0.273
1632563722.827,0.273,0.273
1632563723.126,0.273,0.273
1632563723.425,0.273,0.273
1632563723.728,0.273,0.273
1632563724.027,0.278,0.273
1632563724.326,0.278,0.278
1632563724.625,0.278,0.278
1632563724.928,0.278,0.278
1632563725.227,0.278,0.278
1632563725.526,0.278,0.278
1632563725.829,0.278,0.278
1632563726.128,0.273,0.278
1632563726.427,0.278,0.278
1632563726.73,0.278,0.278
1632563727.029,0.278,0.278
1632563727.328,0.278,0.278
1632563727.631,0.278,0.278
1632563727.93,0.278,0.278
1632563728.23,0.278,0.278
1632563728.529,0.278,0.278
1632563728.832,0.283,0.278
1632563729.131,0.278,0.278
1632563729.43,0.278,0.283
1632563729.733,0.278,0.283
1632563730.032,0.278,0.283
1632563730.331,0.278,0.283
1632563730.634,0.278,0.283
1632563730.933,0.278,0.283
1632563731.232,0.278,0.283
1632563731.535,0.278,0.283
1632563731.834,0.278,0.283
1632563732.133,0.278,0.278
1632563732.432,0.278,0.278
1632563732.735,0.273,0.278
1632563733.034,0.273,0.278
1632563733.333,0.273,0.278
1632563733.636,0.278,0.278
1632563733.935,0.273,0.278
1632563734.234,0.273,0.278
1632563734.537,0.273,0.278
1632563734.836,0.273,0.278
1632563735.135,0.273,0.278
1632563735.438,0.273,0.278
1632563735.737,0.278,0.278
1632563736.036,0.273,0.278
1632563736.335,0.273,0.278
1632563736.638,0.273,0.278
1632563736.937,0.273,0.278
1632563737.236,0.273,0.278
1632563737.539,0.273,0.278
1632563737.838,0.273,0.278
1632563738.137,0.273,0.278
1632563738.44,0.273,0.278
1632563738.739,0.273,0.278
1632563739.038,0.273,0.273
1632563739.341,0.278,0.273
1632563739.64,0.278,0.278
1632563739.939,0.278,0.278
1632563740.239,0.278,0.278
1632563740.541,0.278,0.278
1632563740.841,0.278,0.278
1632563741.14,0.283,0.278
1632563741.442,0.278,0.278
1632563741.742,0.283,0.278
1632563742.041,0.283,0.283
1632563742.344,0.283,0.283
1632563742.643,0.278,0.283
1632563742.942,0.278,0.283
1632563743.245,0.283,0.283
1632563743.544,0.283,0.283
1632563743.843,0.283,0.283
1632563744.142,0.283,0.283
1632563744.445,0.278,0.283
1632563744.744,0.283,0.283
1632563745.043,0.283,0.283
1632563745.346,0.283,0.283
1632563745.645,0.283,0.283
1632563745.944,0.283,0.283
1632563746.247,0.283,0.283
1632563746.546,0.283,0.283
1632563746.845,0.278,0.283
1632563747.148,0.278,0.283
1632563747.447,0.278,0.283
1632563747.746,0.278,0.283
1632563748.045,0.273,0.283
1632563748.348,0.278,0.283
1632563748.647,0.278,0.283
1632563748.946,0.278,0.283
1632563749.249,0.278,0.283
1632563749.548,0.278,0.278
1632563749.847,0.273,0.278
1632563750.15,0.273,0.278
1632563750.449,0.273,0.278
1632563750.748,0.273,0.278
1632563751.051,0.278,0.278
1632563751.35,0.273,0.278
1632563751.649,0.273,0.278
1632563751.948,0.273,0.278
1632563752.251,0.273,0.278
1632563752.55,0.278,0.278
1632563752.85,0.273,0.278
1632563753.152,0.273,0.278
1632563753.451,0.273,0.278
1632563753.751,0.273,0.278
1632563754.053,0.273,0.278
1632563754.353,0.273,0.278
1632563754.652,0.273,0.278
1632563754.955,0.273,0.278
1632563755.254,0.273,0.278
1632563755.553,0.273,0.278
1632563755.852,0.278,0.273
1632563756.155,0.273,0.278
1632563756.454,0.278,0.278
1632563756.753,0.273,0.278
1632563757.056,0.273,0.278
1632563757.355,0.278,0.278
1632563757.654,0.278,0.278
1632563757.957,0.278,0.278
1632563758.256,0.278,0.278
1632563758.555,0.283,0.278
1632563758.858,0.278,0.278
1632563759.157,0.283,0.278
1632563759.456,0.283,0.278
1632563759.755,0.278,0.283
1632563760.058,0.278,0.283
1632563760.357,0.278,0.283
1632563760.656,0.278,0.283
1632563760.959,0.283,0.283
1632563761.258,0.278,0.283
1632563761.557,0.283,0.283
1632563761.86,0.283,0.283
1632563762.159,0.278,0.283
1632563762.458,0.278,0.283
1632563762.761,0.283,0.283
1632563763.06,0.283,0.283
1632563763.359,0.278,0.283
1632563763.658,0.283,0.283
1632563763.961,0.283,0.283
1632563764.26,0.283,0.283
1632563764.559,0.283,0.283
1632563764.862,0.283,0.283
1632563765.161,0.283,0.283
1632563765.461,0.278,0.283
1632563765.763,0.278,0.283
1632563766.062,0.278,0.283
1632563766.362,0.278,0.283
1632563766.664,0.278,0.283
1632563766.964,0.278,0.283
1632563767.263,0.278,0.283
1632563767.562,0.273,0.283
1632563767.865,0.287,0.283
1632563768.164,0.283,0.283
1632563768.463,0.283,0.283
1632563768.766,0.283,0.283
1632563769.065,0.283,0.283
1632563769.364,0.278,0.283
1632563769.667,0.278,0.283
1632563769.966,0.278,0.283
1632563770.265,0.278,0.283
1632563770.568,0.278,0.283
1632563770.867,0.278,0.283
1632563771.166,0.278,0.283
1632563771.465,0.278,0.283
1632563771.768,0.273,0.283
1632563772.067,0.269,0.278
1632563772.366,0.273,0.278
1632563772.669,0.273,0.278
1632563772.968,0.273,0.278
1632563773.267,0.273,0.278
1632563773.57,0.273,0.278
1632563773.869,0.273,0.278
1632563774.168,0.273,0.278
1632563774.471,0.273,0.273
1632563774.77,0.273,0.273
1632563775.069,0.273,0.273
1632563775.368,0.273,0.273
1632563775.671,0.278,0.273
1632563775.97,0.273,0.278
1632563776.269,0.278,0.278
1632563776.572,0.273,0.278
1632563776.871,0.278,0.278
1632563777.17,0.273,0.278
1632563777.473,0.278,0.278
1632563777.772,0.278,0.278
1632563778.071,0.278,0.278
1632563778.374,0.278,0.278
1632563778.673,0.273,0.278
1632563778.973,0.278,0.278
1632563779.272,0.278,0.278
1632563779.574,0.278,0.278
1632563779.874,0.278,0.278
1632563780.173,0.278,0.278
1632563780.476,0.278,0.278
1632563780.775,0.278,0.278
1632563781.074,0.278,0.278
1632563781.377,0.278,0.278
1632563781.676,0.278,0.278
1632563781.975,0.278,0.278
1632563782.278,0.283,0.278
1632563782.577,0.278,0.283
1632563782.876,0.278,0.283
1632563783.175,0.278,0.283
1632563783.478,0.278,0.283
1632563783.777,0.278,0.283
1632563784.076,0.278,0.283
1632563784.379,0.283,0.283
1632563784.678,0.278,0.283
1632563784.977,0.283,0.283
1632563785.28,0.278,0.283
1632563785.579,0.283,0.283
1632563785.878,0.278,0.283
1632563786.181,0.283,0.283
1632563786.48,0.278,0.283
1632563786.779,0.278,0.283
1632563787.078,0.278,0.283
1632563787.381,0.273,0.283
1632563787.68,0.278,0.283
1632563787.979,0.278,0.283
1632563788.282,0.278,0.283
1632563788.581,0.278,0.283
1632563788.88,0.278,0.278
1632563789.183,0.278,0.278
1632563789.482,0.273,0.278
1632563789.781,0.278,0.278
1632563790.084,0.273,0.278
1632563790.383,0.273,0.278
1632563790.683,0.273,0.278
1632563790.982,0.278,0.278
1632563791.284,0.273,0.278
1632563791.584,0.273,0.278
1632563791.883,0.278,0.278
1632563792.185,0.273,0.278
1632563792.485,0.273,0.278
1632563792.784,0.278,0.278
1632563793.087,0.273,0.278
1632563793.386,0.273,0.278
1632563793.685,0.278,0.278
1632563793.988,0.273,0.278
1632563794.287,0.273,0.278
1632563794.586,0.273,0.278
1632563794.885,0.273,0.278
1632563795.188,0.273,0.278
1632563795.487,0.273,0.278
1632563795.786,0.273,0.278
1632563796.089,0.273,0.278
1632563796.388,0.273,0.278
1632563796.687,0.273,0.278
1632563796.99,0.273,0.273
1632563797.289,0.273,0.273
1632563797.588,0.273,0.273
1632563797.891,0.273,0.273
1632563798.19,0.278,0.273
1632563798.489,0.273,0.278
1632563798.788,0.273,0.278
1632563799.091,0.278,0.278
1632563799.39,0.273,0.278
1632563799.689,0.278,0.278
1632563799.992,0.278,0.278
1632563800.291,0.278,0.278
1632563800.59,0.278,0.278
1632563800.893,0.278,0.278
1632563801.192,0.283,0.278
1632563801.491,0.278,0.278
1632563801.794,0.278,0.278
1632563802.093,0.283,0.278
1632563802.392,0.278,0.283
1632563802.691,0.278,0.283
1632563802.994,0.283,0.283
1632563803.293,0.278,0.283
1632563803.593,0.283,0.283
1632563803.895,0.283,0.283
1632563804.194,0.278,0.283
1632563804.494,0.278,0.283
1632563804.796,0.283,0.283
1632563805.096,0.283,0.283
1632563805.395,0.278,0.283
1632563805.698,0.283,0.283
1632563805.997,0.278,0.283
1632563806.296,0.278,0.283
1632563806.595,0.283,0.283
1632563806.898,0.283,0.283
1632563807.197,0.283,0.283
1632563807.496,0.283,0.283
1632563807.799,0.283,0.283
1632563808.098,0.283,0.283
1632563808.397,0.283,0.283
1632563808.7,0.278,0.283
1632563808.999,0.278,0.283
1632563809.298,0.278,0.283
1632563809.601,0.278,0.283
1632563809.9,0.278,0.283
1632563810.199,0.273,0.283
1632563810.498,0.278,0.283
1632563810.801,0.278,0.283
1632563811.1,0.278,0.283
1632563811.399,0.273,0.278
1632563811.702,0.273,0.278
1632563812.001,0.278,0.278
1632563812.3,0.273,0.278
1632563812.603,0.273,0.278
1632563812.902,0.273,0.278
1632563813.201,0.273,0.278
1632563813.5,0.278,0.278
1632563813.803,0.273,0.278
1632563814.102,0.273,0.278
1632563814.401,0.273,0.278
1632563814.704,0.273,0.278
1632563815.003,0.273,0.278
1632563815.302,0.273,0.278
1632563815.605,0.273,0.278
1632563815.904,0.273,0.278
1632563816.204,0.273,0.278
1632563816.506,0.278,0.278
1632563816.806,0.273,0.278
1632563817.105,0.273,0.278
1632563817.404,0.273,0.278
1632563817.707,0.273,0.278
1632563818.006,0.273,0.278
1632563818.305,0.273,0.278
1632563818.608,0.273,0.278
1632563818.907,0.273,0.278
1632563819.206,0.278,0.278
1632563819.509,0.278,0.278
1632563819.808,0.273,0.278
1632563820.107,0.278,0.278
1632563820.41,0.273,0.278
1632563820.709,0.278,0.278
1632563821.008,0.278,0.278
1632563821.307,0.273,0.278
1632563821.61,0.278,0.278
1632563821.909,0.278,0.278
1632563822.208,0.278,0.278
1632563822.511,0.278,0.278
1632563822.81,0.278,0.278
1632563823.109,0.278,0.278
1632563823.412,0.278,0.278
1632563823.711,0.283,0.278
1632563824.01,0.278,0.278
1632563824.313,0.283,0.278
1632563824.612,0.278,0.283
1632563824.911,0.283,0.283
1632563825.21,0.283,0.283
1632563825.513,0.283,0.283
1632563825.812,0.283,0.283
1632563826.111,0.278,0.283
1632563826.414,0.278,0.283
1632563826.713,0.283,0.283
1632563827.012,0.283,0.283
1632563827.315,0.283,0.283
1632563827.614,0.278,0.283
1632563827.913,0.287,0.283
1632563828.216,0.287,0.283
1632563828.515,0.287,0.283
1632563828.815,0.287,0.283
1632563829.114,0.292,0.287
1632563829.416,0.287,0.287
1632563829.716,0.283,0.287
1632563830.015,0.283,0.287
1632563830.318,0.283,0.287
1632563830.617,0.283,0.287
1632563830.916,0.283,0.287
1632563831.219,0.278,0.287
1632563831.518,0.283,0.287
1632563831.817,0.283,0.287
1632563832.12,0.283,0.287
1632563832.419,0.278,0.283
1632563832.718,0.283,0.283
1632563833.017,0.283,0.283
1632563833.32,0.278,0.283
1632563833.619,0.283,0.283
1632563833.918,0.283,0.283
1632563834.221,0.283,0.283
1632563834.52,0.278,0.283
1632563834.819,0.283,0.283
1632563835.122,0.283,0.283
1632563835.421,0.283,0.283
1632563835.72,0.283,0.283
1632563836.023,0.283,0.283
1632563836.322,0.283,0.283
1632563836.621,0.278,0.283
1632563836.92,0.283,0.283
1632563837.223,0.283,0.283
1632563837.522,0.283,0.283
1632563837.821,0.283,0.283
1632563838.124,0.283,0.283
1632563838.423,0.283,0.283
1632563838.722,0.283,0.283
1632563839.025,0.287,0.283
1632563839.324,0.283,0.283
1632563839.623,0.283,0.283
1632563839.926,0.283,0.287
1632563840.225,0.283,0.287
1632563840.524,0.283,0.287
1632563840.823,0.283,0.287
1632563841.126,0.283,0.287
1632563841.425,0.283,0.287
1632563841.725,0.278,0.287
1632563842.027,0.283,0.283
1632563842.327,0.278,0.283
1632563842.626,0.283,0.283
1632563842.929,0.283,0.283
1632563843.228,0.278,0.283
1632563843.527,0.283,0.283
1632563843.83,0.283,0.283
1632563844.129,0.283,0.283
1632563844.428,0.283,0.283
1632563844.727,0.283,0.283
1632563845.03,0.283,0.283
1632563845.329,0.283,0.283
1632563845.628,0.283,0.283
1632563845.931,0.278,0.283
1632563846.23,0.283,0.283
1632563846.529,0.278,0.283
1632563846.832,0.283,0.283
1632563847.131,0.283,0.283
1632563847.43,0.283,0.283
1632563847.733,0.283,0.283
1632563848.032,0.283,0.283
1632563848.331,0.283,0.283
1632563848.63,0.278,0.283
1632563848.933,0.278,0.283
1632563849.232,0.283,0.283
1632563849.531,0.283,0.283
1632563849.834,0.278,0.283
1632563850.133,0.278,0.283
1632563850.432,0.283,0.283
1632563850.735,0.278,0.283
1632563851.034,0.278,0.283
1632563851.333,0.278,0.283
1632563851.636,0.278,0.283
1632563851.935,0.278,0.283
1632563852.234,0.278,0.283
1632563852.533,0.278,0.283
1632563852.836,0.283,0.283
1632563853.135,0.278,0.283
1632563853.434,0.278,0.283
1632563853.737,0.278,0.283
1632563854.036,0.278,0.283
1632563854.336,0.278,0.283
1632563854.638,0.278,0.283
1632563854.938,0.278,0.283
1632563855.237,0.273,0.283
1632563855.54,0.278,0.278
1632563855.839,0.278,0.278
1632563856.138,0.278,0.278
1632563856.437,0.278,0.278
1632563856.74,0.278,0.278
1632563857.039,0.278,0.278
1632563857.338,0.278,0.278
1632563857.641,0.278,0.278
1632563857.94,0.278,0.278
1632563858.239,0.278,0.278
1632563858.542,0.278,0.278
1632563858.841,0.278,0.278
1632563859.14,0.278,0.278
1632563859.443,0.278,0.278
1632563859.742,0.278,0.278
1632563860.041,0.283,0.278
1632563860.34,0.283,0.283
1632563860.643,0.283,0.283
1632563860.942,0.283,0.283
1632563861.241,0.283,0.283
1632563861.544,0.283,0.283
1632563861.843,0.283,0.283
1632563862.142,0.283,0.283
1632563862.445,0.283,0.283
1632563862.744,0.283,0.283
1632563863.043,0.283,0.283
1632563863.346,0.283,0.283
1632563863.645,0.283,0.283
1632563863.944,0.283,0.283
1632563864.243,0.283,0.283
1632563864.546,0.283,0.283
1632563864.845,0.283,0.283
1632563865.144,0.283,0.283
1632563865.447,0.283,0.283
1632563865.746,0.283,0.283
1632563866.046,0.283,0.283
1632563866.348,0.283,0.283
1632563866.647,0.283,0.283
1632563866.947,0.283,0.283
1632563867.249,0.283,0.283
1632563867.549,0.283,0.283
1632563867.848,0.283,0.283
1632563868.147,0.283,0.283
1632563868.45,0.283,0.283
1632563868.749,0.283,0.283
1632563869.048,0.283,0.283
1632563869.351,0.283,0.283
1632563869.65,0.283,0.283
1632563869.949,0.283,0.283
1632563870.252,0.283,0.283
1632563870.551,0.283,0.283
1632563870.85,0.283,0.283
1632563871.153,0.283,0.283
1632563871.452,0.283,0.283
1632563871.751,0.283,0.283
1632563872.05,0.283,0.283
1632563872.353,0.278,0.283
1632563872.652,0.283,0.283
1632563872.951,0.283,0.283
1632563873.254,0.283,0.283
1632563873.553,0.278,0.283
1632563873.852,0.278,0.283
1632563874.155,0.283,0.283
1632563874.454,0.278,0.283
1632563874.753,0.278,0.283
1632563875.056,0.278,0.283
1632563875.355,0.278,0.283
1632563875.654,0.278,0.283
1632563875.953,0.278,0.283
1632563876.256,0.278,0.283
1632563876.555,0.278,0.283
1632563876.854,0.278,0.283
1632563877.157,0.278,0.283
1632563877.456,0.278,0.278
1632563877.755,0.278,0.278
1632563878.058,0.278,0.278
1632563878.357,0.278,0.278
1632563878.656,0.278,0.278
1632563878.959,0.278,0.278
1632563879.258,0.278,0.278
1632563879.558,0.278,0.278
1632563879.857,0.278,0.278
1632563880.16,0.278,0.278
1632563880.459,0.278,0.278
1632563880.758,0.278,0.278
1632563881.061,0.278,0.278
1632563881.36,0.273,0.278
1632563881.659,0.278,0.278
1632563881.962,0.278,0.278
1632563882.261,0.278,0.278
1632563882.56,0.273,0.278
1632563882.863,0.278,0.278
1632563883.162,0.278,0.278
1632563883.461,0.278,0.278
1632563883.76,0.278,0.278
1632563884.063,0.278,0.278
1632563884.362,0.278,0.278
1632563884.661,0.278,0.278
1632563884.964,0.278,0.278
1632563885.263,0.278,0.278
1632563885.562,0.283,0.278
1632563885.865,0.278,0.283
1632563886.164,0.283,0.283
1632563886.463,0.283,0.283
1632563886.766,0.283,0.283
1632563887.065,0.283,0.283
1632563887.364,0.283,0.283
1632563887.663,0.283,0.283
1632563887.966,0.287,0.283
1632563888.265,0.287,0.283
1632563888.564,0.292,0.287
1632563888.867,0.292,0.287
1632563889.166,0.287,0.287
1632563889.465,0.292,0.287
1632563889.768,0.283,0.287
1632563890.067,0.283,0.287
1632563890.366,0.283,0.287
1632563890.669,0.283,0.287
1632563890.968,0.283,0.287
1632563891.267,0.283,0.287
1632563891.567,0.287,0.287
1632563891.869,0.287,0.287
1632563892.169,0.283,0.287
1632563892.468,0.283,0.287
1632563892.77,0.283,0.287
1632563893.07,0.287,0.287
1632563893.369,0.287,0.287
1632563893.672,0.283,0.287
1632563893.971,0.287,0.287
1632563894.27,0.287,0.287
1632563894.573,0.283,0.287
1632563894.872,0.283,0.287
1632563895.171,0.283,0.287
1632563895.47,0.287,0.287
1632563895.773,0.283,0.287
1632563896.072,0.283,0.287
1632563896.371,0.283,0.287
1632563896.674,0.283,0.287
1632563896.973,0.287,0.287
1632563897.272,0.287,0.287
1632563897.575,0.283,0.287
1632563897.874,0.283,0.287
1632563898.173,0.283,0.287
1632563898.476,0.287,0.287
1632563898.775,0.283,0.287
1632563899.074,0.283,0.287
1632563899.373,0.283,0.287
1632563899.676,0.283,0.287
1632563899.975,0.283,0.287
1632563900.274,0.283,0.287
1632563900.577,0.283,0.287
1632563900.876,0.283,0.287
1632563901.175,0.278,0.287
1632563901.478,0.283,0.283
1632563901.777,0.283,0.283
1632563902.076,0.278,0.283
1632563902.379,0.283,0.283
1632563902.678,0.283,0.283
1632563902.977,0.283,0.283
1632563903.276,0.278,0.283
1632563903.579,0.278,0.283
1632563903.878,0.283,0.283
1632563904.178,0.278,0.283
1632563904.48,0.278,0.283
1632563904.779,0.278,0.283
1632563905.079,0.278,0.283
1632563905.381,0.278,0.283
1632563905.681,0.278,0.283
1632563905.98,0.278,0.283
1632563906.283,0.278,0.283
1632563906.582,0.278,0.283
1632563906.881,0.278,0.283
1632563907.18,0.278,0.278
1632563907.483,0.278,0.278
1632563907.782,0.278,0.278
1632563908.081,0.278,0.278
1632563908.384,0.278,0.278
1632563908.683,0.278,0.278
1632563908.982,0.278,0.278
1632563909.285,0.278,0.278
1632563909.584,0.278,0.278
1632563909.883,0.278,0.278
1632563910.186,0.278,0.278
1632563910.485,0.278,0.278
1632563910.784,0.278,0.278
1632563911.083,0.273,0.278
1632563911.386,0.278,0.278
1632563911.685,0.278,0.278
1632563911.984,0.278,0.278
1632563912.287,0.273,0.278
1632563912.586,0.278,0.278
1632563912.885,0.278,0.278
1632563913.188,0.278,0.278
1632563913.487,0.278,0.278
1632563913.786,0.278,0.278
1632563914.089,0.278,0.278
1632563914.388,0.278,0.278
1632563914.687,0.283,0.278
1632563914.986,0.278,0.278
1632563915.289,0.283,0.278
1632563915.588,0.283,0.283
1632563915.887,0.283,0.283
1632563916.19,0.283,0.283
1632563916.489,0.278,0.283
1632563916.789,0.283,0.283
1632563917.091,0.283,0.283
1632563917.39,0.283,0.283
1632563917.69,0.283,0.283
1632563917.993,0.283,0.283
1632563918.292,0.283,0.283
1632563918.591,0.283,0.283
1632563918.89,0.283,0.283
1632563919.193,0.283,0.283
1632563919.492,0.283,0.283
1632563919.791,0.283,0.283
1632563920.094,0.283,0.283
1632563920.393,0.283,0.283
1632563920.692,0.283,0.283
1632563920.995,0.283,0.283
1632563921.294,0.283,0.283
1632563921.593,0.283,0.283
1632563921.896,0.283,0.283
1632563922.195,0.283,0.283
1632563922.494,0.283,0.283
1632563922.793,0.283,0.283
1632563923.096,0.278,0.283
1632563923.395,0.283,0.283
1632563923.694,0.283,0.283
1632563923.997,0.283,0.283
1632563924.296,0.287,0.283
1632563924.595,0.287,0.283
1632563924.898,0.283,0.287
1632563925.197,0.287,0.287
1632563925.496,0.283,0.287
1632563925.799,0.287,0.287
1632563926.098,0.287,0.287
1632563926.397,0.278,0.287
1632563926.696,0.283,0.287
1632563926.999,0.283,0.287
1632563927.298,0.283,0.287
1632563927.597,0.283,0.287
1632563927.9,0.283,0.287
1632563928.199,0.283,0.287
1632563928.498,0.283,0.287
1632563928.801,0.283,0.287
1632563929.1,0.283,0.283
1632563929.399,0.283,0.283
1632563929.702,0.278,0.283
1632563930.001,0.283,0.283
1632563930.301,0.283,0.283
1632563930.6,0.278,0.283
1632563930.903,0.278,0.283
1632563931.202,0.283,0.283
1632563931.501,0.278,0.283
1632563931.804,0.278,0.283
1632563932.103,0.283,0.283
1632563932.402,0.278,0.283
1632563932.705,0.278,0.283
1632563933.004,0.278,0.283
1632563933.303,0.278,0.283
1632563933.606,0.278,0.283
1632563933.905,0.278,0.283
1632563934.204,0.278,0.283
1632563934.503,0.278,0.283
1632563934.806,0.278,0.283
1632563935.105,0.273,0.283
1632563935.404,0.278,0.278
1632563935.707,0.278,0.278
1632563936.006,0.273,0.278
1632563936.305,0.278,0.278
1632563936.608,0.278,0.278
1632563936.907,0.278,0.278
1632563937.206,0.278,0.278
1632563937.509,0.278,0.278
1632563937.808,0.278,0.278
1632563938.107,0.278,0.278
1632563938.406,0.273,0.278
1632563938.709,0.273,0.278
1632563939.008,0.278,0.278
1632563939.307,0.278,0.278
1632563939.61,0.273,0.278
1632563939.909,0.278,0.278
1632563940.208,0.273,0.278
1632563940.511,0.278,0.278
1632563940.81,0.273,0.278
1632563941.109,0.283,0.278
1632563941.412,0.278,0.278
1632563941.711,0.273,0.278
1632563942.01,0.278,0.278
1632563942.31,0.278,0.278
1632563942.612,0.278,0.278
1632563942.912,0.278,0.278
1632563943.211,0.278,0.278
1632563943.514,0.278,0.278
1632563943.813,0.278,0.278
1632563944.112,0.283,0.278
1632563944.415,0.278,0.278
1632563944.714,0.283,0.278
1632563945.013,0.278,0.283
1632563945.316,0.283,0.283
1632563945.615,0.283,0.283
1632563945.914,0.283,0.283
1632563946.213,0.283,0.283
1632563946.516,0.283,0.283
1632563946.815,0.283,0.283
1632563947.114,0.283,0.283
1632563947.417,0.283,0.283
1632563947.716,0.283,0.283
1632563948.015,0.319,0.283
1632563948.318,0.292,0.287
1632563948.617,0.287,0.287
1632563948.916,0.292,0.292
1632563949.219,0.287,0.292
1632563949.518,0.283,0.292
1632563949.817,0.283,0.292
1632563950.116,0.283,0.292
1632563950.419,0.283,0.292
1632563950.718,0.287,0.292
1632563951.017,0.283,0.292
1632563951.32,0.287,0.287
1632563951.619,0.287,0.287
1632563951.918,0.283,0.287
1632563952.221,0.287,0.287
1632563952.52,0.283,0.287
1632563952.819,0.287,0.287
1632563953.122,0.283,0.287
1632563953.421,0.283,0.287
1632563953.72,0.283,0.287
1632563954.02,0.283,0.287
1632563954.322,0.287,0.287
1632563954.621,0.287,0.287
1632563954.921,0.287,0.287
1632563955.223,0.287,0.287
1632563955.522,0.287,0.287
1632563955.822,0.287,0.287
1632563956.125,0.287,0.287
1632563956.424,0.287,0.287
1632563956.723,0.283,0.287
1632563957.026,0.283,0.287
1632563957.325,0.283,0.287
1632563957.624,0.283,0.287
1632563957.923,0.283,0.287
1632563958.226,0.283,0.287
1632563958.525,0.283,0.287
1632563958.824,0.283,0.287
1632563959.127,0.283,0.287
1632563959.426,0.283,0.287
1632563959.725,0.283,0.283
1632563960.028,0.283,0.283
1632563960.327,0.278,0.283
1632563960.626,0.278,0.283
1632563960.929,0.278,0.283
1632563961.228,0.283,0.283
1632563961.527,0.283,0.283
1632563961.826,0.283,0.283
1632563962.129,0.278,0.283
1632563962.428,0.283,0.283
1632563962.727,0.278,0.283
1632563963.03,0.278,0.283
1632563963.329,0.278,0.283
1632563963.628,0.278,0.283
1632563963.931,0.278,0.283
1632563964.23,0.278,0.283
1632563964.529,0.283,0.283
1632563964.832,0.278,0.283
1632563965.131,0.278,0.283
1632563965.43,0.278,0.283
1632563965.729,0.278,0.283
1632563966.032,0.278,0.283
1632563966.331,0.283,0.283
1632563966.63,0.278,0.283
1632563966.933,0.278,0.283
1632563967.232,0.278,0.283
1632563967.532,0.278,0.283
1632563967.834,0.278,0.283
1632563968.133,0.278,0.283
1632563968.433,0.278,0.283
1632563968.735,0.278,0.283
1632563969.035,0.273,0.283
1632563969.334,0.278,0.278
1632563969.633,0.278,0.278
1632563969.936,0.278,0.278
1632563970.235,0.278,0.278
1632563970.534,0.278,0.278
1632563970.837,0.278,0.278
1632563971.136,0.278,0.278
1632563971.435,0.278,0.278
1632563971.738,0.278,0.278
1632563972.037,0.278,0.278
1632563972.336,0.273,0.278
1632563972.639,0.278,0.278
1632563972.938,0.278,0.278
1632563973.237,0.278,0.278
1632563973.536,0.278,0.278
1632563973.839,0.278,0.278
1632563974.138,0.278,0.278
1632563974.437,0.278,0.278
1632563974.74,0.278,0.278
1632563975.039,0.278,0.278
1632563975.338,0.283,0.278
1632563975.641,0.278,0.283
1632563975.94,0.283,0.283
1632563976.239,0.283,0.283
1632563976.542,0.278,0.283
1632563976.841,0.283,0.283
1632563977.14,0.283,0.283
1632563977.439,0.283,0.283
1632563977.742,0.283,0.283
1632563978.041,0.283,0.283
1632563978.34,0.283,0.283
1632563978.643,0.283,0.283
1632563978.942,0.283,0.283
1632563979.241,0.283,0.283
1632563979.544,0.283,0.283
1632563979.843,0.283,0.283
1632563980.142,0.283,0.283
1632563980.445,0.283,0.283
1632563980.744,0.283,0.283
1632563981.044,0.283,0.283
1632563981.343,0.283,0.283
1632563981.645,0.283,0.283
1632563981.945,0.283,0.283
1632563982.244,0.283,0.283
1632563982.547,0.283,0.283
1632563982.846,0.283,0.283
1632563983.145,0.283,0.283
1632563983.448,0.283,0.283
1632563983.747,0.283,0.283
1632563984.046,0.283,0.283
1632563984.349,0.278,0.283
1632563984.648,0.283,0.283
1632563984.947,0.287,0.283
1632563985.246,0.287,0.283
1632563985.549,0.283,0.287
1632563985.848,0.287,0.287
1632563986.147,0.283,0.287
1632563986.45,0.287,0.287
1632563986.749,0.287,0.287
1632563987.048,0.287,0.287
1632563987.351,0.287,0.287
1632563987.65,0.283,0.287
1632563987.949,0.283,0.287
1632563988.252,0.283,0.287
1632563988.551,0.283,0.287
1632563988.85,0.283,0.287
1632563989.149,0.283,0.287
1632563989.452,0.283,0.287
1632563989.751,0.283,0.287
1632563990.05,0.283,0.287
1632563990.353,0.283,0.287
1632563990.652,0.283,0.283
1632563990.951,0.278,0.283
1632563991.254,0.283,0.283
1632563991.553,0.278,0.283
1632563991.852,0.278,0.283
1632563992.155,0.283,0.283
1632563992.454,0.278,0.283
1632563992.753,0.278,0.283
1632563993.053,0.278,0.283
1632563993.355,0.278,0.283
1632563993.655,0.278,0.283
1632563993.954,0.278,0.283
1632563994.257,0.278,0.283
1632563994.556,0.278,0.283
1632563994.855,0.278,0.283
1632563995.158,0.278,0.283
1632563995.457,0.278,0.278
1632563995.756,0.278,0.278
1632563996.059,0.278,0.278
1632563996.358,0.278,0.278
1632563996.657,0.278,0.278
1632563996.956,0.278,0.278
1632563997.259,0.273,0.278
1632563997.558,0.278,0.278
1632563997.857,0.278,0.278
1632563998.16,0.278,0.278
1632563998.459,0.278,0.278
1632563998.758,0.278,0.278
1632563999.061,0.278,0.278
1632563999.36,0.278,0.278
1632563999.659,0.278,0.278
1632563999.962,0.283,0.278
1632564000.261,0.283,0.278
1632564000.56,0.283,0.283
1632564000.859,0.283,0.283
1632564001.162,0.287,0.283
1632564001.461,0.283,0.283
1632564001.76,0.283,0.283
1632564002.063,0.283,0.283
1632564002.362,0.283,0.283
1632564002.661,0.283,0.283
1632564002.964,0.283,0.287
1632564003.263,0.283,0.287
1632564003.562,0.283,0.287
1632564003.865,0.283,0.287
1632564004.164,0.283,0.287
1632564004.463,0.283,0.283
1632564004.762,0.283,0.283
1632564005.065,0.283,0.283
1632564005.365,0.283,0.283
1632564005.664,0.278,0.283
1632564005.966,0.283,0.283
1632564006.266,0.278,0.283
1632564006.565,0.278,0.283
1632564006.868,0.283,0.283
1632564007.167,0.283,0.283
1632564007.466,0.283,0.283
1632564007.769,0.283,0.283
1632564008.068,0.287,0.283
1632564008.367,0.287,0.283
1632564008.666,0.292,0.283
1632564008.969,0.292,0.287
1632564009.268,0.292,0.287
1632564009.567,0.283,0.287
1632564009.87,0.283,0.287
1632564010.169,0.283,0.287
1632564010.468,0.283,0.287
1632564010.771,0.283,0.287
1632564011.07,0.283,0.287
1632564011.369,0.283,0.287
1632564011.672,0.283,0.287
1632564011.971,0.283,0.287
1632564012.27,0.278,0.287
1632564012.569,0.278,0.283
1632564012.872,0.278,0.283
1632564013.171,0.278,0.283
1632564013.47,0.278,0.283
1632564013.773,0.278,0.283
1632564014.072,0.278,0.283
1632564014.371,0.278,0.283
1632564014.674,0.278,0.283
1632564014.973,0.278,0.283
1632564015.272,0.278,0.278
1632564015.575,0.278,0.278
1632564015.874,0.278,0.278
1632564016.173,0.278,0.278
1632564016.472,0.278,0.278
1632564016.775,0.273,0.278
1632564017.074,0.278,0.278
1632564017.373,0.278,0.278
1632564017.676,0.278,0.278
1632564017.975,0.278,0.278
1632564018.275,0.273,0.278
1632564018.577,0.278,0.278
1632564018.877,0.278,0.278
1632564019.176,0.278,0.278
1632564019.479,0.273,0.278
1632564019.778,0.278,0.278
1632564020.077,0.273,0.278
1632564020.376,0.278,0.278
1632564020.679,0.273,0.278
1632564020.978,0.278,0.278
1632564021.277,0.278,0.278
1632564021.58,0.278,0.278
1632564021.879,0.278,0.278
1632564022.178,0.278,0.278
1632564022.481,0.278,0.278
1632564022.78,0.278,0.278
1632564023.079,0.278,0.278
1632564023.382,0.278,0.278
1632564023.681,0.283,0.278
1632564023.98,0.283,0.283
1632564024.279,0.283,0.283
1632564024.582,0.283,0.283
1632564024.881,0.278,0.283
1632564025.18,0.283,0.283
1632564025.483,0.283,0.283
1632564025.782,0.283,0.283
1632564026.081,0.283,0.283
1632564026.384,0.283,0.283
1632564026.683,0.283,0.283
1632564026.982,0.283,0.283
1632564027.285,0.283,0.283
1632564027.584,0.283,0.283
1632564027.883,0.283,0.283
1632564028.182,0.283,0.283
1632564028.485,0.283,0.283
1632564028.784,0.283,0.283
1632564029.083,0.283,0.283
1632564029.386,0.283,0.283
1632564029.685,0.283,0.283
1632564029.984,0.283,0.283
1632564030.287,0.278,0.283
1632564030.586,0.283,0.283
1632564030.886,0.283,0.283
1632564031.188,0.283,0.283
1632564031.488,0.278,0.283
1632564031.787,0.283,0.283
1632564032.086,0.283,0.283
1632564032.389,0.283,0.283
1632564032.688,0.283,0.283
1632564032.987,0.283,0.283
1632564033.29,0.283,0.283
1632564033.589,0.283,0.283
1632564033.888,0.283,0.283
1632564034.191,0.283,0.283
1632564034.49,0.283,0.283
1632564034.789,0.283,0.283
1632564035.092,0.283,0.283
1632564035.391,0.283,0.283
1632564035.69,0.283,0.283
1632564035.989,0.283,0.283
1632564036.292,0.283,0.283
1632564036.591,0.283,0.283
1632564036.89,0.278,0.283
1632564037.193,0.283,0.283
1632564037.492,0.283,0.283
1632564037.791,0.278,0.283
1632564038.094,0.278,0.283
1632564038.393,0.283,0.283
1632564038.692,0.278,0.283
1632564038.995,0.278,0.283
1632564039.294,0.278,0.283
1632564039.593,0.278,0.283
1632564039.892,0.278,0.283
1632564040.195,0.278,0.283
1632564040.494,0.278,0.283
1632564040.793,0.278,0.283
1632564041.096,0.278,0.283
1632564041.395,0.278,0.283
1632564041.694,0.278,0.278
1632564041.997,0.278,0.278
1632564042.296,0.278,0.278
1632564042.595,0.278,0.278
1632564042.898,0.278,0.278
1632564043.197,0.278,0.278
1632564043.496,0.278,0.278
1632564043.796,0.278,0.278
1632564044.098,0.278,0.278
1632564044.398,0.278,0.278
1632564044.697,0.278,0.278
1632564045.0,0.278,0.278
1632564045.299,0.278,0.278
1632564045.598,0.278,0.278
1632564045.901,0.278,0.278
1632564046.2,0.278,0.278
1632564046.499,0.273,0.278
1632564046.802,0.278,0.278
1632564047.101,0.278,0.278
1632564047.4,0.278,0.278
1632564047.699,0.278,0.278
1632564048.002,0.278,0.278
1632564048.301,0.278,0.278
1632564048.6,0.273,0.278
1632564048.903,0.273,0.278
1632564049.202,0.273,0.278
1632564049.501,0.273,0.278
1632564049.804,0.278,0.278
1632564050.103,0.278,0.278
1632564050.402,0.273,0.278
1632564050.705,0.278,0.278
1632564051.004,0.273,0.278
1632564051.303,0.278,0.278
1632564051.602,0.273,0.278
1632564051.905,0.278,0.278
1632564052.204,0.278,0.278
1632564052.503,0.278,0.278
1632564052.806,0.278,0.278
1632564053.105,0.278,0.278
1632564053.404,0.278,0.278
1632564053.707,0.278,0.278
1632564054.006,0.278,0.278
1632564054.305,0.278,0.278
1632564054.608,0.278,0.278
1632564054.907,0.278,0.278
1632564055.206,0.278,0.278
1632564055.505,0.278,0.278
1632564055.808,0.278,0.278
1632564056.108,0.283,0.278
1632564056.407,0.278,0.283
1632564056.709,0.283,0.283
1632564057.009,0.283,0.283
1632564057.308,0.283,0.283
1632564057.611,0.283,0.283
1632564057.91,0.283,0.283
1632564058.209,0.283,0.283
1632564058.512,0.283,0.283
1632564058.811,0.283,0.283
1632564059.11,0.283,0.283
1632564059.409,0.283,0.283
1632564059.712,0.283,0.283
1632564060.011,0.287,0.283
1632564060.31,0.283,0.287
1632564060.613,0.283,0.287
1632564060.912,0.283,0.287
1632564061.211,0.292,0.287
1632564061.514,0.287,0.287
1632564061.813,0.287,0.287
1632564062.112,0.287,0.287
1632564062.415,0.287,0.287
1632564062.714,0.287,0.287
1632564063.013,0.287,0.287
1632564063.312,0.283,0.287
1632564063.615,0.287,0.287
1632564063.914,0.287,0.287
1632564064.213,0.283,0.287
1632564064.516,0.283,0.287
1632564064.815,0.287,0.287
1632564065.114,0.283,0.287
1632564065.417,0.283,0.287
1632564065.716,0.283,0.287
1632564066.015,0.287,0.287
1632564066.318,0.287,0.287
1632564066.617,0.287,0.287
1632564066.916,0.283,0.287
1632564067.215,0.283,0.287
1632564067.518,0.283,0.287
1632564067.817,0.283,0.287
1632564068.117,0.287,0.287
1632564068.419,0.292,0.287
1632564068.718,0.292,0.287
1632564069.018,0.292,0.287
1632564069.32,0.287,0.287
1632564069.62,0.287,0.287
1632564069.919,0.287,0.287
1632564070.222,0.287,0.287
1632564070.521,0.287,0.292
1632564070.82,0.283,0.292
1632564071.119,0.283,0.292
1632564071.422,0.283,0.292
1632564071.721,0.283,0.287
1632564072.02,0.287,0.287
1632564072.323,0.287,0.287
1632564072.622,0.287,0.287
1632564072.921,0.287,0.287
1632564073.224,0.287,0.287
1632564073.523,0.287,0.287
1632564073.822,0.287,0.287
1632564074.125,0.283,0.287
1632564074.424,0.287,0.287
1632564074.723,0.287,0.287
1632564075.022,0.287,0.287
1632564075.325,0.287,0.287
1632564075.624,0.287,0.287
1632564075.923,0.287,0.287
1632564076.226,0.287,0.287
1632564076.525,0.287,0.287
1632564076.824,0.287,0.287
1632564077.127,0.283,0.287
1632564077.426,0.287,0.287
1632564077.725,0.287,0.287
1632564078.028,0.287,0.287
1632564078.327,0.287,0.287
1632564078.626,0.287,0.287
1632564078.925,0.287,0.287
1632564079.228,0.287,0.287
1632564079.527,0.287,0.287
1632564079.826,0.287,0.287
1632564080.129,0.287,0.287
1632564080.428,0.287,0.287
1632564080.728,0.287,0.287
1632564081.03,0.287,0.287
1632564081.329,0.287,0.287
1632564081.629,0.283,0.287
1632564081.931,0.283,0.287
1632564082.231,0.287,0.287
1632564082.53,0.283,0.287
1632564082.829,0.283,0.287
1632564083.132,0.283,0.287
1632564083.431,0.283,0.287
1632564083.73,0.283,0.287
1632564084.033,0.283,0.287
1632564084.332,0.283,0.287
1632564084.631,0.283,0.287
1632564084.934,0.283,0.287
1632564085.233,0.283,0.287
1632564085.532,0.283,0.283
1632564085.835,0.283,0.283
1632564086.134,0.283,0.283
1632564086.433,0.283,0.283
1632564086.732,0.283,0.283
1632564087.035,0.283,0.283
1632564087.334,0.283,0.283
1632564087.633,0.283,0.283
1632564087.936,0.283,0.283
1632564088.235,0.283,0.283
1632564088.534,0.283,0.283
1632564088.837,0.283,0.283
1632564089.136,0.278,0.283
1632564089.435,0.283,0.283
1632564089.738,0.283,0.283
1632564090.037,0.278,0.283
1632564090.336,0.283,0.283
1632564090.635,0.283,0.283
1632564090.938,0.278,0.283
1632564091.237,0.278,0.283
1632564091.536,0.278,0.283
1632564091.839,0.278,0.283
1632564092.138,0.283,0.283
1632564092.437,0.283,0.283
1632564092.74,0.278,0.283
1632564093.039,0.283,0.283
1632564093.338,0.283,0.283
1632564093.641,0.283,0.283
1632564093.94,0.283,0.283
1632564094.24,0.283,0.283
1632564094.539,0.283,0.283
1632564094.841,0.283,0.283
1632564095.141,0.283,0.283
1632564095.44,0.283,0.283
1632564095.743,0.283,0.283
1632564096.042,0.283,0.283
1632564096.341,0.283,0.283
1632564096.644,0.283,0.283
1632564096.943,0.283,0.283
1632564097.242,0.283,0.283
1632564097.545,0.283,0.283
1632564097.844,0.283,0.283
1632564098.143,0.278,0.283
1632564098.442,0.283,0.283
1632564098.745,0.283,0.283
1632564099.044,0.283,0.283
1632564099.343,0.283,0.283
1632564099.646,0.283,0.283
1632564099.945,0.283,0.283
1632564100.244,0.283,0.283
1632564100.547,0.283,0.283
1632564100.846,0.283,0.283
1632564101.145,0.283,0.283
1632564101.448,0.283,0.283
1632564101.747,0.287,0.283
1632564102.046,0.283,0.287
1632564102.345,0.283,0.287
1632564102.648,0.287,0.287
1632564102.947,0.287,0.287
1632564103.246,0.287,0.287
1632564103.549,0.287,0.287
1632564103.848,0.287,0.287
1632564104.147,0.287,0.287
1632564104.45,0.287,0.287
1632564104.749,0.287,0.287
1632564105.048,0.287,0.287
1632564105.351,0.292,0.287
1632564105.65,0.287,0.292
1632564105.949,0.287,0.292
1632564106.249,0.287,0.292
1632564106.551,0.287,0.292
1632564106.851,0.283,0.292
1632564107.15,0.287,0.287
1632564107.452,0.283,0.287
1632564107.752,0.287,0.287
1632564108.051,0.283,0.287
1632564108.354,0.287,0.287
