1632563032.264,897.0,899.0
1632563032.27,901.0,900.0
1632563032.275,900.0,900.0
1632563032.281,901.0,900.0
1632563032.285,899.0,900.0
1632563032.29,901.0,900.0
1632563032.293,901.0,900.0
1632563032.297,897.0,900.0
1632563032.3,897.0,900.0
1632563032.303,897.0,899.0
1632563033.441,904.0,0.0
1632563033.744,904.0,902.0
1632563034.043,903.0,902.0
1632563034.342,903.0,902.0
1632563034.641,904.0,902.0
1632563034.944,904.0,902.0
1632563035.243,903.0,903.0
1632563035.542,903.0,903.0
1632563035.845,903.0,903.0
1632563036.144,904.0,903.0
1632563036.443,903.0,903.0
1632563036.746,903.0,903.0
1632563037.045,903.0,903.0
1632563037.344,903.0,903.0
1632563037.647,903.0,903.0
1632563037.946,903.0,903.0
1632563038.245,903.0,903.0
1632563038.544,903.0,903.0
1632563038.847,903.0,903.0
1632563039.146,903.0,903.0
1632563039.445,901.0,903.0
1632563039.748,902.0,902.0
1632563040.047,902.0,902.0
1632563040.346,902.0,902.0
1632563040.649,902.0,902.0
1632563040.948,902.0,902.0
1632563041.247,902.0,902.0
1632563041.55,902.0,902.0
1632563041.849,902.0,902.0
1632563042.148,902.0,902.0
1632563042.447,902.0,901.0
1632563042.75,902.0,902.0
1632563043.049,902.0,902.0
1632563043.348,902.0,902.0
1632563043.651,902.0,902.0
1632563043.95,902.0,902.0
1632563044.25,902.0,902.0
1632563044.552,902.0,902.0
1632563044.851,902.0,902.0
1632563045.151,901.0,902.0
1632563045.453,902.0,901.0
1632563045.753,902.0,901.0
1632563046.052,901.0,901.0
1632563046.351,901.0,901.0
1632563046.654,902.0,901.0
1632563046.953,901.0,901.0
1632563047.252,902.0,901.0
1632563047.555,902.0,901.0
1632563047.854,896.0,901.0
1632563048.153,901.0,901.0
1632563048.456,900.0,901.0
1632563048.755,901.0,900.0
1632563049.054,901.0,900.0
1632563049.357,902.0,900.0
1632563049.656,903.0,900.0
1632563049.955,903.0,900.0
1632563050.254,903.0,901.0
1632563050.557,901.0,901.0
1632563050.856,900.0,901.0
1632563051.155,903.0,901.0
1632563051.458,903.0,901.0
1632563051.757,898.0,902.0
1632563052.056,900.0,901.0
1632563052.359,900.0,901.0
1632563052.658,901.0,901.0
1632563052.957,898.0,901.0
1632563053.26,896.0,900.0
1632563053.559,891.0,900.0
1632563053.858,896.0,899.0
1632563054.157,893.0,898.0
1632563054.46,893.0,897.0
1632563054.759,897.0,896.0
1632563055.058,889.0,896.0
1632563055.361,894.0,895.0
1632563055.66,895.0,894.0
1632563055.959,899.0,894.0
1632563056.262,896.0,894.0
1632563056.561,894.0,894.0
1632563056.86,900.0,894.0
1632563057.163,901.0,895.0
1632563057.462,901.0,895.0
1632563057.762,902.0,896.0
1632563058.06,901.0,897.0
1632563058.363,901.0,898.0
1632563058.663,903.0,899.0
1632563058.962,900.0,899.0
1632563059.265,903.0,899.0
1632563059.564,901.0,900.0
1632563059.863,900.0,901.0
1632563060.166,901.0,901.0
1632563060.465,903.0,901.0
1632563060.764,903.0,901.0
1632563061.067,903.0,901.0
1632563061.366,902.0,901.0
1632563061.665,902.0,901.0
1632563061.964,903.0,901.0
1632563062.267,902.0,902.0
1632563062.566,902.0,902.0
1632563062.865,902.0,902.0
1632563063.168,902.0,902.0
1632563063.467,902.0,902.0
1632563063.766,902.0,902.0
1632563064.069,902.0,902.0
1632563064.368,902.0,902.0
1632563064.667,901.0,902.0
1632563064.97,902.0,902.0
1632563065.269,902.0,901.0
1632563065.568,902.0,901.0
1632563065.867,902.0,901.0
1632563066.17,901.0,901.0
1632563066.469,902.0,901.0
1632563066.768,902.0,901.0
1632563067.071,901.0,901.0
1632563067.37,903.0,901.0
1632563067.669,902.0,901.0
1632563067.972,902.0,901.0
1632563068.271,902.0,901.0
1632563068.57,900.0,901.0
1632563068.873,902.0,901.0
1632563069.172,902.0,901.0
1632563069.471,902.0,901.0
1632563069.771,902.0,901.0
1632563070.073,900.0,901.0
1632563070.373,901.0,901.0
1632563070.672,902.0,901.0
1632563070.974,902.0,901.0
1632563071.274,902.0,901.0
1632563071.573,902.0,901.0
1632563071.876,902.0,901.0
1632563072.175,902.0,901.0
1632563072.474,901.0,901.0
1632563072.777,902.0,901.0
1632563073.076,902.0,901.0
1632563073.375,902.0,901.0
1632563073.674,902.0,901.0
1632563073.977,903.0,901.0
1632563074.276,903.0,902.0
1632563074.575,901.0,902.0
1632563074.878,902.0,902.0
1632563075.177,902.0,902.0
1632563075.476,903.0,902.0
1632563075.779,903.0,902.0
1632563076.078,903.0,902.0
1632563076.377,902.0,902.0
1632563076.68,902.0,902.0
1632563076.979,903.0,902.0
1632563077.278,898.0,902.0
1632563077.577,897.0,901.0
1632563077.88,897.0,901.0
1632563078.179,899.0,901.0
1632563078.478,899.0,900.0
1632563078.781,900.0,900.0
1632563079.08,901.0,900.0
1632563079.379,903.0,899.0
1632563079.682,903.0,899.0
1632563079.981,904.0,900.0
1632563080.28,903.0,900.0
1632563080.583,903.0,900.0
1632563080.882,903.0,901.0
1632563081.181,903.0,901.0
1632563081.48,903.0,902.0
1632563081.783,903.0,902.0
1632563082.082,903.0,902.0
1632563082.382,903.0,903.0
1632563082.684,903.0,903.0
1632563082.984,902.0,903.0
1632563083.283,902.0,902.0
1632563083.585,902.0,902.0
1632563083.885,902.0,902.0
1632563084.184,902.0,902.0
1632563084.487,902.0,902.0
1632563084.786,900.0,902.0
1632563085.085,899.0,902.0
1632563085.384,896.0,901.0
1632563085.687,896.0,901.0
1632563085.986,897.0,900.0
1632563086.285,899.0,899.0
1632563086.588,900.0,899.0
1632563086.887,902.0,899.0
1632563087.186,902.0,899.0
1632563087.489,902.0,899.0
1632563087.788,901.0,899.0
1632563088.087,902.0,899.0
1632563088.39,902.0,899.0
1632563088.689,901.0,900.0
1632563088.988,901.0,900.0
1632563089.287,902.0,901.0
1632563089.59,900.0,901.0
1632563089.889,899.0,901.0
1632563090.188,898.0,901.0
1632563090.491,901.0,900.0
1632563090.79,902.0,900.0
1632563091.089,902.0,900.0
1632563091.392,902.0,900.0
1632563091.691,902.0,900.0
1632563091.99,902.0,900.0
1632563092.293,902.0,901.0
1632563092.592,903.0,901.0
1632563092.891,902.0,901.0
1632563093.19,902.0,901.0
1632563093.493,902.0,902.0
1632563093.792,902.0,902.0
1632563094.091,902.0,902.0
1632563094.394,902.0,902.0
1632563094.693,903.0,902.0
1632563094.993,902.0,902.0
1632563095.295,903.0,902.0
1632563095.594,903.0,902.0
1632563095.894,903.0,902.0
1632563096.196,903.0,902.0
1632563096.496,903.0,902.0
1632563096.795,903.0,902.0
1632563097.094,903.0,902.0
1632563097.397,903.0,902.0
1632563097.696,903.0,902.0
1632563097.995,904.0,902.0
1632563098.298,903.0,903.0
1632563098.597,903.0,903.0
1632563098.896,903.0,903.0
1632563099.199,903.0,903.0
1632563099.498,903.0,903.0
1632563099.797,903.0,903.0
1632563100.1,903.0,903.0
1632563100.399,903.0,903.0
1632563100.698,903.0,903.0
1632563100.997,903.0,903.0
1632563101.3,903.0,903.0
1632563101.599,903.0,903.0
1632563101.898,903.0,903.0
1632563102.201,903.0,903.0
1632563102.5,903.0,903.0
1632563102.799,902.0,903.0
1632563103.102,902.0,902.0
1632563103.401,902.0,902.0
1632563103.7,902.0,902.0
1632563104.003,902.0,902.0
1632563104.302,902.0,902.0
1632563104.601,902.0,902.0
1632563104.9,902.0,902.0
1632563105.203,902.0,902.0
1632563105.502,902.0,902.0
1632563105.801,902.0,902.0
1632563106.104,902.0,902.0
1632563106.403,902.0,902.0
1632563106.702,901.0,902.0
1632563107.005,902.0,901.0
1632563107.304,902.0,901.0
1632563107.604,902.0,901.0
1632563107.906,900.0,901.0
1632563108.205,901.0,901.0
1632563108.505,901.0,901.0
1632563108.807,901.0,901.0
1632563109.107,900.0,901.0
1632563109.406,901.0,901.0
1632563109.705,902.0,901.0
1632563110.008,902.0,901.0
1632563110.307,902.0,901.0
1632563110.606,896.0,901.0
1632563110.909,900.0,900.0
1632563111.208,900.0,900.0
1632563111.507,901.0,900.0
1632563111.81,901.0,900.0
1632563112.109,901.0,900.0
1632563112.408,901.0,900.0
1632563112.711,901.0,900.0
1632563113.01,901.0,900.0
1632563113.309,902.0,900.0
1632563113.608,901.0,900.0
1632563113.911,902.0,900.0
1632563114.21,902.0,901.0
1632563114.509,902.0,901.0
1632563114.812,902.0,901.0
1632563115.111,902.0,901.0
1632563115.41,902.0,901.0
1632563115.713,902.0,901.0
1632563116.012,902.0,901.0
1632563116.311,902.0,901.0
1632563116.614,902.0,901.0
1632563116.913,902.0,902.0
1632563117.212,902.0,902.0
1632563117.511,902.0,902.0
1632563117.814,902.0,902.0
1632563118.113,902.0,902.0
1632563118.412,902.0,902.0
1632563118.715,903.0,902.0
1632563119.014,903.0,902.0
1632563119.313,903.0,902.0
1632563119.616,902.0,902.0
1632563119.915,903.0,902.0
1632563120.214,902.0,902.0
1632563120.517,902.0,902.0
1632563120.816,902.0,902.0
1632563121.116,903.0,902.0
1632563121.415,903.0,902.0
1632563121.717,903.0,902.0
1632563122.017,903.0,902.0
1632563122.316,903.0,902.0
1632563122.619,903.0,902.0
1632563122.918,903.0,902.0
1632563123.217,903.0,902.0
1632563123.52,903.0,902.0
1632563123.819,902.0,902.0
1632563124.118,903.0,902.0
1632563124.421,903.0,902.0
1632563124.72,902.0,902.0
1632563125.019,903.0,902.0
1632563125.318,903.0,902.0
1632563125.621,903.0,902.0
1632563125.92,903.0,902.0
1632563126.219,903.0,902.0
1632563126.522,903.0,902.0
1632563126.821,903.0,902.0
1632563127.12,903.0,902.0
1632563127.423,903.0,902.0
1632563127.722,903.0,902.0
1632563128.021,903.0,903.0
1632563128.324,903.0,903.0
1632563128.623,901.0,903.0
1632563128.922,903.0,902.0
1632563129.221,903.0,902.0
1632563129.524,900.0,902.0
1632563129.823,900.0,902.0
1632563130.122,900.0,902.0
1632563130.425,901.0,901.0
1632563130.724,902.0,901.0
1632563131.023,902.0,901.0
1632563131.326,902.0,901.0
1632563131.625,901.0,901.0
1632563131.924,897.0,901.0
1632563132.227,896.0,900.0
1632563132.526,896.0,900.0
1632563132.825,898.0,899.0
1632563133.124,900.0,899.0
1632563133.427,902.0,899.0
1632563133.727,902.0,899.0
1632563134.026,902.0,899.0
1632563134.328,902.0,899.0
1632563134.628,903.0,899.0
1632563134.927,902.0,899.0
1632563135.23,902.0,900.0
1632563135.529,902.0,900.0
1632563135.828,901.0,901.0
1632563136.131,902.0,901.0
1632563136.43,901.0,902.0
1632563136.729,900.0,901.0
1632563137.028,900.0,901.0
1632563137.331,901.0,901.0
1632563137.63,900.0,901.0
1632563137.929,902.0,901.0
1632563138.232,901.0,901.0
1632563138.531,902.0,901.0
1632563138.83,901.0,901.0
1632563139.133,902.0,901.0
1632563139.432,902.0,901.0
1632563139.731,902.0,901.0
1632563140.034,902.0,901.0
1632563140.333,902.0,901.0
1632563140.632,902.0,901.0
1632563140.931,901.0,901.0
1632563141.234,902.0,901.0
1632563141.533,902.0,901.0
1632563141.832,902.0,901.0
1632563142.135,902.0,901.0
1632563142.434,903.0,901.0
1632563142.733,902.0,902.0
1632563143.036,903.0,902.0
1632563143.335,903.0,902.0
1632563143.634,903.0,902.0
1632563143.937,903.0,902.0
1632563144.236,903.0,902.0
1632563144.535,903.0,902.0
1632563144.834,904.0,902.0
1632563145.137,904.0,902.0
1632563145.436,903.0,903.0
1632563145.736,903.0,903.0
1632563146.038,904.0,903.0
1632563146.337,903.0,903.0
1632563146.637,903.0,903.0
1632563146.939,903.0,903.0
1632563147.239,904.0,903.0
1632563147.538,904.0,903.0
1632563147.841,904.0,903.0
1632563148.14,904.0,903.0
1632563148.439,903.0,903.0
1632563148.738,904.0,903.0
1632563149.041,903.0,903.0
1632563149.34,903.0,903.0
1632563149.639,903.0,903.0
1632563149.942,903.0,903.0
1632563150.241,903.0,903.0
1632563150.54,904.0,903.0
1632563150.843,901.0,903.0
1632563151.142,903.0,903.0
1632563151.441,901.0,903.0
1632563151.744,901.0,902.0
1632563152.043,903.0,902.0
1632563152.342,902.0,902.0
1632563152.641,902.0,902.0
1632563152.944,902.0,902.0
1632563153.243,902.0,902.0
1632563153.542,902.0,902.0
1632563153.845,903.0,901.0
1632563154.144,901.0,902.0
1632563154.443,901.0,901.0
1632563154.746,902.0,901.0
1632563155.045,901.0,902.0
1632563155.344,901.0,901.0
1632563155.647,902.0,901.0
1632563155.946,902.0,901.0
1632563156.245,902.0,901.0
1632563156.544,902.0,901.0
1632563156.847,902.0,901.0
1632563157.146,902.0,901.0
1632563157.445,900.0,901.0
1632563157.748,901.0,901.0
1632563158.047,900.0,901.0
1632563158.347,899.0,901.0
1632563158.649,899.0,901.0
1632563158.948,900.0,900.0
1632563159.248,901.0,900.0
1632563159.551,901.0,900.0
1632563159.85,902.0,900.0
1632563160.149,901.0,900.0
1632563160.448,903.0,900.0
1632563160.751,903.0,900.0
1632563161.05,901.0,900.0
1632563161.349,903.0,901.0
1632563161.652,903.0,901.0
1632563161.951,903.0,901.0
1632563162.25,900.0,902.0
1632563162.553,900.0,902.0
1632563162.852,903.0,901.0
1632563163.151,903.0,902.0
1632563163.454,903.0,902.0
1632563163.753,903.0,902.0
1632563164.052,904.0,902.0
1632563164.351,904.0,902.0
1632563164.654,904.0,902.0
1632563164.953,903.0,902.0
1632563165.252,902.0,902.0
1632563165.555,904.0,902.0
1632563165.854,904.0,903.0
1632563166.153,903.0,903.0
1632563166.456,904.0,903.0
1632563166.755,902.0,903.0
1632563167.054,904.0,903.0
1632563167.357,903.0,903.0
1632563167.656,903.0,903.0
1632563167.955,903.0,903.0
1632563168.254,902.0,903.0
1632563168.557,902.0,903.0
1632563168.856,902.0,903.0
1632563169.155,902.0,902.0
1632563169.458,901.0,902.0
1632563169.757,903.0,902.0
1632563170.056,903.0,902.0
1632563170.359,903.0,902.0
1632563170.658,903.0,902.0
1632563170.957,902.0,902.0
1632563171.26,902.0,902.0
1632563171.56,902.0,902.0
1632563171.859,902.0,902.0
1632563172.158,902.0,902.0
1632563172.461,901.0,902.0
1632563172.76,901.0,902.0
1632563173.059,902.0,902.0
1632563173.362,902.0,902.0
1632563173.661,902.0,901.0
1632563173.96,902.0,901.0
1632563174.263,902.0,901.0
1632563174.562,902.0,901.0
1632563174.861,902.0,901.0
1632563175.164,901.0,901.0
1632563175.463,902.0,901.0
1632563175.762,902.0,901.0
1632563176.061,902.0,901.0
1632563176.364,903.0,901.0
1632563176.663,902.0,902.0
1632563176.962,903.0,902.0
1632563177.265,903.0,902.0
1632563177.564,903.0,902.0
1632563177.863,903.0,902.0
1632563178.166,903.0,902.0
1632563178.465,903.0,902.0
1632563178.764,903.0,902.0
1632563179.067,904.0,902.0
1632563179.366,903.0,903.0
1632563179.665,904.0,903.0
1632563179.964,903.0,903.0
1632563180.267,904.0,903.0
1632563180.566,903.0,903.0
1632563180.865,903.0,903.0
1632563181.168,904.0,903.0
1632563181.467,904.0,903.0
1632563181.766,903.0,903.0
1632563182.069,903.0,903.0
1632563182.368,904.0,903.0
1632563182.667,903.0,903.0
1632563182.97,903.0,903.0
1632563183.269,903.0,903.0
1632563183.568,903.0,903.0
1632563183.868,903.0,903.0
1632563184.171,903.0,903.0
1632563184.47,903.0,903.0
1632563184.769,902.0,903.0
1632563185.071,902.0,903.0
1632563185.371,902.0,902.0
1632563185.67,902.0,902.0
1632563185.973,902.0,902.0
1632563186.272,903.0,902.0
1632563186.571,902.0,902.0
1632563186.874,902.0,902.0
1632563187.173,902.0,902.0
1632563187.472,903.0,902.0
1632563187.771,902.0,902.0
1632563188.074,902.0,902.0
1632563188.373,902.0,902.0
1632563188.672,902.0,902.0
1632563188.975,902.0,902.0
1632563189.274,902.0,902.0
1632563189.573,902.0,902.0
1632563189.876,903.0,902.0
1632563190.175,902.0,902.0
1632563190.474,902.0,902.0
1632563190.777,903.0,902.0
1632563191.076,903.0,902.0
1632563191.375,903.0,902.0
1632563191.674,901.0,902.0
1632563191.977,900.0,902.0
1632563192.276,900.0,902.0
1632563192.575,902.0,901.0
1632563192.878,902.0,901.0
1632563193.177,904.0,901.0
1632563193.476,903.0,902.0
1632563193.779,903.0,902.0
1632563194.078,903.0,902.0
1632563194.377,904.0,902.0
1632563194.68,903.0,902.0
1632563194.979,904.0,902.0
1632563195.278,904.0,902.0
1632563195.577,904.0,903.0
1632563195.881,903.0,903.0
1632563196.179,904.0,903.0
1632563196.479,904.0,903.0
1632563196.781,904.0,903.0
1632563197.081,903.0,903.0
1632563197.38,903.0,903.0
1632563197.682,902.0,903.0
1632563197.982,903.0,903.0
1632563198.281,903.0,903.0
1632563198.584,903.0,903.0
1632563198.883,903.0,903.0
1632563199.182,903.0,903.0
1632563199.481,902.0,903.0
1632563199.784,903.0,902.0
1632563200.083,902.0,902.0
1632563200.382,902.0,902.0
1632563200.685,902.0,902.0
1632563200.984,902.0,902.0
1632563201.283,902.0,902.0
1632563201.586,902.0,902.0
1632563201.885,902.0,902.0
1632563202.184,902.0,902.0
1632563202.487,902.0,902.0
1632563202.786,902.0,902.0
1632563203.085,902.0,902.0
1632563203.384,902.0,902.0
1632563203.687,902.0,902.0
1632563203.986,902.0,902.0
1632563204.285,902.0,902.0
1632563204.588,902.0,902.0
1632563204.887,902.0,902.0
1632563205.186,903.0,902.0
1632563205.489,902.0,902.0
1632563205.788,903.0,902.0
1632563206.087,903.0,902.0
1632563206.39,904.0,902.0
1632563206.689,903.0,902.0
1632563206.988,904.0,902.0
1632563207.287,904.0,902.0
1632563207.59,903.0,903.0
1632563207.889,903.0,903.0
1632563208.189,903.0,903.0
1632563208.491,903.0,903.0
1632563208.791,903.0,903.0
1632563209.09,903.0,903.0
1632563209.392,903.0,903.0
1632563209.692,904.0,903.0
1632563209.991,903.0,903.0
1632563210.294,903.0,903.0
1632563210.593,903.0,903.0
1632563210.892,904.0,903.0
1632563211.191,903.0,903.0
1632563211.494,904.0,903.0
1632563211.793,904.0,903.0
1632563212.092,903.0,903.0
1632563212.395,903.0,903.0
1632563212.694,903.0,903.0
1632563212.993,903.0,903.0
1632563213.296,903.0,903.0
1632563213.595,903.0,903.0
1632563213.894,903.0,903.0
1632563214.197,903.0,903.0
1632563214.496,903.0,903.0
1632563214.795,902.0,903.0
1632563215.094,903.0,902.0
1632563215.397,902.0,902.0
1632563215.696,902.0,902.0
1632563215.995,902.0,902.0
1632563216.298,902.0,902.0
1632563216.597,902.0,902.0
1632563216.896,902.0,902.0
1632563217.199,902.0,902.0
1632563217.498,902.0,902.0
1632563217.797,902.0,902.0
1632563218.1,902.0,902.0
1632563218.399,902.0,902.0
1632563218.698,902.0,902.0
1632563218.997,902.0,902.0
1632563219.3,902.0,902.0
1632563219.599,902.0,902.0
1632563219.898,902.0,902.0
1632563220.201,901.0,902.0
1632563220.5,903.0,901.0
1632563220.799,903.0,902.0
1632563221.102,901.0,902.0
1632563221.401,903.0,902.0
1632563221.701,904.0,902.0
1632563222.003,903.0,902.0
1632563222.303,903.0,902.0
1632563222.602,903.0,902.0
1632563222.901,903.0,902.0
1632563223.204,903.0,902.0
1632563223.503,904.0,902.0
1632563223.802,904.0,903.0
1632563224.105,904.0,903.0
1632563224.404,903.0,903.0
1632563224.703,903.0,903.0
1632563225.006,904.0,903.0
1632563225.305,903.0,903.0
1632563225.604,903.0,903.0
1632563225.907,903.0,903.0
1632563226.206,903.0,903.0
1632563226.505,903.0,903.0
1632563226.804,903.0,903.0
1632563227.107,903.0,903.0
1632563227.406,902.0,903.0
1632563227.705,903.0,903.0
1632563228.008,900.0,903.0
1632563228.307,901.0,902.0
1632563228.606,901.0,902.0
1632563228.909,901.0,902.0
1632563229.208,900.0,902.0
1632563229.507,902.0,901.0
1632563229.81,902.0,901.0
1632563230.109,902.0,901.0
1632563230.408,903.0,901.0
1632563230.707,903.0,901.0
1632563231.01,902.0,901.0
1632563231.309,902.0,901.0
1632563231.608,902.0,901.0
1632563231.911,902.0,901.0
1632563232.21,902.0,902.0
1632563232.509,902.0,902.0
1632563232.812,902.0,902.0
1632563233.111,902.0,902.0
1632563233.411,903.0,902.0
1632563233.713,903.0,902.0
1632563234.012,903.0,902.0
1632563234.312,903.0,902.0
1632563234.614,903.0,902.0
1632563234.914,903.0,902.0
1632563235.213,903.0,902.0
1632563235.512,903.0,902.0
1632563235.815,904.0,902.0
1632563236.114,903.0,903.0
1632563236.413,904.0,903.0
1632563236.716,903.0,903.0
1632563237.015,904.0,903.0
1632563237.314,903.0,903.0
1632563237.617,903.0,903.0
1632563237.916,903.0,903.0
1632563238.215,903.0,903.0
1632563238.518,903.0,903.0
1632563238.817,903.0,903.0
1632563239.116,903.0,903.0
1632563239.415,903.0,903.0
1632563239.718,903.0,903.0
1632563240.017,903.0,903.0
1632563240.316,903.0,903.0
1632563240.619,903.0,903.0
1632563240.918,902.0,903.0
1632563241.217,902.0,902.0
1632563241.52,902.0,902.0
1632563241.819,902.0,902.0
1632563242.118,902.0,902.0
1632563242.421,902.0,902.0
1632563242.72,902.0,902.0
1632563243.019,902.0,902.0
1632563243.318,902.0,902.0
1632563243.621,902.0,902.0
1632563243.92,900.0,902.0
1632563244.219,902.0,901.0
1632563244.522,902.0,901.0
1632563244.821,902.0,901.0
1632563245.121,903.0,901.0
1632563245.423,900.0,901.0
1632563245.722,901.0,901.0
1632563246.021,903.0,901.0
1632563246.324,903.0,901.0
1632563246.624,903.0,901.0
1632563246.922,901.0,901.0
1632563247.222,903.0,902.0
1632563247.524,903.0,902.0
1632563247.823,898.0,902.0
1632563248.123,897.0,901.0
1632563248.425,897.0,901.0
1632563248.725,898.0,900.0
1632563249.024,902.0,900.0
1632563249.327,902.0,900.0
1632563249.626,903.0,900.0
1632563249.925,898.0,900.0
1632563250.228,894.0,900.0
1632563250.527,895.0,899.0
1632563250.826,897.0,898.0
1632563251.125,897.0,898.0
1632563251.428,896.0,898.0
1632563251.727,896.0,898.0
1632563252.026,896.0,898.0
1632563252.329,897.0,897.0
1632563252.628,896.0,896.0
1632563252.927,896.0,896.0
1632563253.23,896.0,896.0
1632563253.529,896.0,896.0
1632563253.828,896.0,896.0
1632563254.131,895.0,896.0
1632563254.43,896.0,896.0
1632563254.729,896.0,896.0
1632563255.028,896.0,896.0
1632563255.331,895.0,896.0
1632563255.63,896.0,895.0
1632563255.929,896.0,895.0
1632563256.232,896.0,895.0
1632563256.531,896.0,895.0
1632563256.83,896.0,895.0
1632563257.133,896.0,895.0
1632563257.432,896.0,895.0
1632563257.731,896.0,895.0
1632563258.034,897.0,895.0
1632563258.333,897.0,896.0
1632563258.632,897.0,896.0
1632563258.931,897.0,896.0
1632563259.234,897.0,896.0
1632563259.533,897.0,896.0
1632563259.832,897.0,896.0
1632563260.135,897.0,896.0
1632563260.434,897.0,896.0
1632563260.733,897.0,896.0
1632563261.036,897.0,897.0
1632563261.335,897.0,897.0
1632563261.634,897.0,897.0
1632563261.938,897.0,897.0
1632563262.237,896.0,897.0
1632563262.536,896.0,896.0
1632563262.835,896.0,896.0
1632563263.138,896.0,896.0
1632563263.437,896.0,896.0
1632563263.736,896.0,896.0
1632563264.039,896.0,896.0
1632563264.338,896.0,896.0
1632563264.637,895.0,896.0
1632563264.94,895.0,896.0
1632563265.239,895.0,895.0
1632563265.538,895.0,895.0
1632563265.841,896.0,895.0
1632563266.14,896.0,895.0
1632563266.439,895.0,895.0
1632563266.738,895.0,895.0
1632563267.041,895.0,895.0
1632563267.34,896.0,895.0
1632563267.639,896.0,895.0
1632563267.942,896.0,895.0
1632563268.241,896.0,895.0
1632563268.54,896.0,895.0
1632563268.843,896.0,895.0
1632563269.142,896.0,895.0
1632563269.441,896.0,895.0
1632563269.744,896.0,895.0
1632563270.043,896.0,895.0
1632563270.342,896.0,896.0
1632563270.641,897.0,896.0
1632563270.944,897.0,896.0
1632563271.243,897.0,896.0
1632563271.542,897.0,896.0
1632563271.845,897.0,896.0
1632563272.144,897.0,896.0
1632563272.443,897.0,896.0
1632563272.746,896.0,896.0
1632563273.045,897.0,896.0
1632563273.344,896.0,896.0
1632563273.647,896.0,896.0
1632563273.946,896.0,896.0
1632563274.246,896.0,896.0
1632563274.545,896.0,896.0
1632563274.848,895.0,896.0
1632563275.147,895.0,896.0
1632563275.446,895.0,896.0
1632563275.749,895.0,895.0
1632563276.048,895.0,895.0
1632563276.347,896.0,895.0
1632563276.65,896.0,895.0
1632563276.949,896.0,895.0
1632563277.248,896.0,895.0
1632563277.551,895.0,895.0
1632563277.85,896.0,895.0
1632563278.149,895.0,895.0
1632563278.448,895.0,895.0
1632563278.751,895.0,895.0
1632563279.05,895.0,895.0
1632563279.349,895.0,895.0
1632563279.652,896.0,895.0
1632563279.951,896.0,895.0
1632563280.25,897.0,895.0
1632563280.553,896.0,895.0
1632563280.852,896.0,895.0
1632563281.151,896.0,895.0
1632563281.454,896.0,895.0
1632563281.753,896.0,895.0
1632563282.052,896.0,895.0
1632563282.351,896.0,896.0
1632563282.654,896.0,896.0
1632563282.953,897.0,896.0
1632563283.252,896.0,896.0
1632563283.555,896.0,896.0
1632563283.854,896.0,896.0
1632563284.153,897.0,896.0
1632563284.456,896.0,896.0
1632563284.755,896.0,896.0
1632563285.054,896.0,896.0
1632563285.357,897.0,896.0
1632563285.656,896.0,896.0
1632563285.955,896.0,896.0
1632563286.254,896.0,896.0
1632563286.557,896.0,896.0
1632563286.856,895.0,896.0
1632563287.156,895.0,896.0
1632563287.459,895.0,895.0
1632563287.758,895.0,895.0
1632563288.057,894.0,895.0
1632563288.36,893.0,895.0
1632563288.659,894.0,895.0
1632563288.958,894.0,894.0
1632563289.261,894.0,894.0
1632563289.56,896.0,894.0
1632563289.859,895.0,894.0
1632563290.158,895.0,894.0
1632563290.461,895.0,894.0
1632563290.76,895.0,894.0
1632563291.059,894.0,894.0
1632563291.362,895.0,894.0
1632563291.661,896.0,894.0
1632563291.96,895.0,894.0
1632563292.263,895.0,895.0
1632563292.562,895.0,895.0
1632563292.861,896.0,895.0
1632563293.164,896.0,895.0
1632563293.463,896.0,895.0
1632563293.762,896.0,895.0
1632563294.061,896.0,895.0
1632563294.364,896.0,895.0
1632563294.663,896.0,895.0
1632563294.962,897.0,895.0
1632563295.265,897.0,895.0
1632563295.564,896.0,896.0
1632563295.863,896.0,896.0
1632563296.166,897.0,896.0
1632563296.465,896.0,896.0
1632563296.764,896.0,896.0
1632563297.067,897.0,896.0
1632563297.366,896.0,896.0
1632563297.665,896.0,896.0
1632563297.964,897.0,896.0
1632563298.267,897.0,896.0
1632563298.566,896.0,896.0
1632563298.865,896.0,896.0
1632563299.168,896.0,896.0
1632563299.467,896.0,896.0
1632563299.767,896.0,896.0
1632563300.07,896.0,896.0
1632563300.369,896.0,896.0
1632563300.668,896.0,896.0
1632563300.971,896.0,896.0
1632563301.27,896.0,896.0
1632563301.569,896.0,896.0
1632563301.868,895.0,896.0
1632563302.171,895.0,895.0
1632563302.47,896.0,895.0
1632563302.769,895.0,895.0
1632563303.072,896.0,895.0
1632563303.371,896.0,895.0
1632563303.67,896.0,895.0
1632563303.973,896.0,895.0
1632563304.272,896.0,895.0
1632563304.571,895.0,895.0
1632563304.874,896.0,895.0
1632563305.173,895.0,895.0
1632563305.472,896.0,895.0
1632563305.771,895.0,895.0
1632563306.074,896.0,895.0
1632563306.373,896.0,895.0
1632563306.672,896.0,895.0
1632563306.975,896.0,895.0
1632563307.274,896.0,895.0
1632563307.573,896.0,895.0
1632563307.876,896.0,895.0
1632563308.175,897.0,895.0
1632563308.474,896.0,896.0
1632563308.777,896.0,896.0
1632563309.076,897.0,896.0
1632563309.375,896.0,896.0
1632563309.674,896.0,896.0
1632563309.977,897.0,896.0
1632563310.276,897.0,896.0
1632563310.575,897.0,896.0
1632563310.878,897.0,896.0
1632563311.177,897.0,896.0
1632563311.476,897.0,896.0
1632563311.779,897.0,896.0
1632563312.078,897.0,896.0
1632563312.377,895.0,896.0
1632563312.681,897.0,896.0
1632563312.98,897.0,896.0
1632563313.279,897.0,896.0
1632563313.578,898.0,896.0
1632563313.881,897.0,896.0
1632563314.18,897.0,896.0
1632563314.479,897.0,896.0
1632563314.782,897.0,896.0
1632563315.081,897.0,896.0
1632563315.38,896.0,896.0
1632563315.683,897.0,897.0
1632563315.982,896.0,897.0
1632563316.281,896.0,896.0
1632563316.584,897.0,896.0
1632563316.883,897.0,896.0
1632563317.182,896.0,896.0
1632563317.481,896.0,896.0
1632563317.784,896.0,896.0
1632563318.083,896.0,896.0
1632563318.382,896.0,896.0
1632563318.685,895.0,896.0
1632563318.984,896.0,896.0
1632563319.283,896.0,896.0
1632563319.586,896.0,896.0
1632563319.885,896.0,896.0
1632563320.184,896.0,895.0
1632563320.487,896.0,895.0
1632563320.786,896.0,895.0
1632563321.085,896.0,895.0
1632563321.384,896.0,895.0
1632563321.687,896.0,895.0
1632563321.986,896.0,896.0
1632563322.285,895.0,896.0
1632563322.588,896.0,895.0
1632563322.887,896.0,895.0
1632563323.186,896.0,895.0
1632563323.489,896.0,895.0
1632563323.788,896.0,895.0
1632563324.087,896.0,895.0
1632563324.39,896.0,895.0
1632563324.689,896.0,895.0
1632563324.988,896.0,895.0
1632563325.288,897.0,895.0
1632563325.591,897.0,896.0
1632563325.89,897.0,896.0
1632563326.189,896.0,896.0
1632563326.492,897.0,896.0
1632563326.791,897.0,896.0
1632563327.09,897.0,896.0
1632563327.393,897.0,896.0
1632563327.692,897.0,896.0
1632563327.991,897.0,896.0
1632563328.294,897.0,896.0
1632563328.593,897.0,896.0
1632563328.892,897.0,896.0
1632563329.191,897.0,896.0
1632563329.494,897.0,897.0
1632563329.793,897.0,897.0
1632563330.092,895.0,897.0
1632563330.395,896.0,896.0
1632563330.694,897.0,896.0
1632563330.993,897.0,896.0
1632563331.296,897.0,896.0
1632563331.595,897.0,896.0
1632563331.894,897.0,896.0
1632563332.197,897.0,896.0
1632563332.496,897.0,896.0
1632563332.795,897.0,896.0
1632563333.094,896.0,896.0
1632563333.397,896.0,896.0
1632563333.696,896.0,896.0
1632563333.995,896.0,896.0
1632563334.298,896.0,896.0
1632563334.597,896.0,896.0
1632563334.896,896.0,896.0
1632563335.199,896.0,896.0
1632563335.498,896.0,896.0
1632563335.797,896.0,896.0
1632563336.1,896.0,896.0
1632563336.399,896.0,896.0
1632563336.698,896.0,896.0
1632563336.997,896.0,896.0
1632563337.3,896.0,896.0
1632563337.599,896.0,896.0
1632563337.899,895.0,896.0
1632563338.202,896.0,895.0
1632563338.501,896.0,895.0
1632563338.8,896.0,895.0
1632563339.103,899.0,895.0
1632563339.402,896.0,896.0
1632563339.701,895.0,896.0
1632563340.004,896.0,896.0
1632563340.303,896.0,896.0
1632563340.602,895.0,896.0
1632563340.901,896.0,896.0
1632563341.204,896.0,896.0
1632563341.503,896.0,896.0
1632563341.802,896.0,896.0
1632563342.105,895.0,896.0
1632563342.404,894.0,895.0
1632563342.703,896.0,895.0
1632563343.006,897.0,895.0
1632563343.305,894.0,895.0
1632563343.604,897.0,895.0
1632563343.907,896.0,895.0
1632563344.206,897.0,895.0
1632563344.505,897.0,895.0
1632563344.804,897.0,895.0
1632563345.107,897.0,896.0
1632563345.406,897.0,896.0
1632563345.705,897.0,896.0
1632563346.008,898.0,896.0
1632563346.307,897.0,896.0
1632563346.606,897.0,897.0
1632563346.909,897.0,897.0
1632563347.208,897.0,897.0
1632563347.507,898.0,897.0
1632563347.81,897.0,897.0
1632563348.109,896.0,897.0
1632563348.408,895.0,897.0
1632563348.711,896.0,896.0
1632563349.01,896.0,896.0
1632563349.309,897.0,896.0
1632563349.608,897.0,896.0
1632563349.911,897.0,896.0
1632563350.21,896.0,896.0
1632563350.51,896.0,896.0
1632563350.813,897.0,896.0
1632563351.112,896.0,896.0
1632563351.411,900.0,896.0
1632563351.714,900.0,896.0
1632563352.013,901.0,897.0
1632563352.312,903.0,897.0
1632563352.615,902.0,898.0
1632563352.914,902.0,898.0
1632563353.213,902.0,899.0
1632563353.512,902.0,899.0
1632563353.815,902.0,900.0
1632563354.114,902.0,901.0
1632563354.413,902.0,901.0
1632563354.716,902.0,901.0
1632563355.015,902.0,902.0
1632563355.314,902.0,902.0
1632563355.617,902.0,902.0
1632563355.916,902.0,902.0
1632563356.215,902.0,902.0
1632563356.518,902.0,902.0
1632563356.817,902.0,902.0
1632563357.116,902.0,902.0
1632563357.415,902.0,902.0
1632563357.718,902.0,902.0
1632563358.017,902.0,902.0
1632563358.316,902.0,902.0
1632563358.619,903.0,902.0
1632563358.918,903.0,902.0
1632563359.217,903.0,902.0
1632563359.52,904.0,902.0
1632563359.819,903.0,902.0
1632563360.118,903.0,902.0
1632563360.421,904.0,902.0
1632563360.72,903.0,902.0
1632563361.02,904.0,903.0
1632563361.319,903.0,903.0
1632563361.622,903.0,903.0
1632563361.921,904.0,903.0
1632563362.22,904.0,903.0
1632563362.523,904.0,903.0
1632563362.822,904.0,903.0
1632563363.121,904.0,903.0
1632563363.424,903.0,903.0
1632563363.723,904.0,903.0
1632563364.022,903.0,903.0
1632563364.321,903.0,903.0
1632563364.624,903.0,903.0
1632563364.923,903.0,903.0
1632563365.222,903.0,903.0
1632563365.525,902.0,903.0
1632563365.824,903.0,903.0
1632563366.123,903.0,903.0
1632563366.426,902.0,903.0
1632563366.725,902.0,902.0
1632563367.024,902.0,902.0
1632563367.327,902.0,902.0
1632563367.626,902.0,902.0
1632563367.925,902.0,902.0
1632563368.224,902.0,902.0
1632563368.527,902.0,902.0
1632563368.826,903.0,902.0
1632563369.125,902.0,902.0
1632563369.428,903.0,902.0
1632563369.727,902.0,902.0
1632563370.026,902.0,902.0
1632563370.329,902.0,902.0
1632563370.628,902.0,902.0
1632563370.927,902.0,902.0
1632563371.23,903.0,902.0
1632563371.529,903.0,902.0
1632563371.828,903.0,902.0
1632563372.127,903.0,902.0
1632563372.43,903.0,902.0
1632563372.729,904.0,902.0
1632563373.028,903.0,902.0
1632563373.331,903.0,902.0
1632563373.631,903.0,902.0
1632563373.93,903.0,903.0
1632563374.232,903.0,903.0
1632563374.532,903.0,903.0
1632563374.831,904.0,903.0
1632563375.134,903.0,903.0
1632563375.433,904.0,903.0
1632563375.732,903.0,903.0
1632563376.031,903.0,903.0
1632563376.334,904.0,903.0
1632563376.633,903.0,903.0
1632563376.932,903.0,903.0
1632563377.235,904.0,903.0
1632563377.534,903.0,903.0
1632563377.833,903.0,903.0
1632563378.136,904.0,903.0
1632563378.435,903.0,903.0
1632563378.734,903.0,903.0
1632563379.037,903.0,903.0
1632563379.336,903.0,903.0
1632563379.635,903.0,903.0
1632563379.934,903.0,903.0
1632563380.237,902.0,903.0
1632563380.536,903.0,903.0
1632563380.835,903.0,903.0
1632563381.138,903.0,903.0
1632563381.437,903.0,902.0
1632563381.736,902.0,902.0
1632563382.039,902.0,902.0
1632563382.338,902.0,902.0
1632563382.637,902.0,902.0
1632563382.94,902.0,902.0
1632563383.239,902.0,902.0
1632563383.538,902.0,902.0
1632563383.837,902.0,902.0
1632563384.14,902.0,902.0
1632563384.439,902.0,902.0
1632563384.738,902.0,902.0
1632563385.041,902.0,902.0
1632563385.34,902.0,902.0
1632563385.64,902.0,902.0
1632563385.942,902.0,902.0
1632563386.241,902.0,902.0
1632563386.54,903.0,902.0
1632563386.843,903.0,902.0
1632563387.143,903.0,902.0
1632563387.442,903.0,902.0
1632563387.741,903.0,902.0
1632563388.044,903.0,902.0
1632563388.343,903.0,902.0
1632563388.642,903.0,902.0
1632563388.945,903.0,902.0
1632563389.244,903.0,902.0
1632563389.543,903.0,903.0
1632563389.846,903.0,903.0
1632563390.145,903.0,903.0
1632563390.444,903.0,903.0
1632563390.747,903.0,903.0
1632563391.046,903.0,903.0
1632563391.345,904.0,903.0
1632563391.644,903.0,903.0
1632563391.947,903.0,903.0
1632563392.246,904.0,903.0
1632563392.545,903.0,903.0
1632563392.848,903.0,903.0
1632563393.147,903.0,903.0
1632563393.446,903.0,903.0
1632563393.749,903.0,903.0
1632563394.048,903.0,903.0
1632563394.347,903.0,903.0
1632563394.65,902.0,903.0
1632563394.949,903.0,903.0
1632563395.248,903.0,903.0
1632563395.547,902.0,902.0
1632563395.85,902.0,902.0
1632563396.149,902.0,902.0
1632563396.448,902.0,902.0
1632563396.751,902.0,902.0
1632563397.05,902.0,902.0
1632563397.349,902.0,902.0
1632563397.652,902.0,902.0
1632563397.951,902.0,902.0
1632563398.25,902.0,902.0
1632563398.553,902.0,902.0
1632563398.852,902.0,902.0
1632563399.152,902.0,902.0
1632563399.451,902.0,902.0
1632563399.754,902.0,902.0
1632563400.053,903.0,902.0
1632563400.352,902.0,902.0
1632563400.655,903.0,902.0
1632563400.954,902.0,902.0
1632563401.253,900.0,902.0
1632563401.556,900.0,902.0
1632563401.855,903.0,901.0
1632563402.154,903.0,901.0
1632563402.457,903.0,902.0
1632563402.756,903.0,902.0
1632563403.055,903.0,902.0
1632563403.354,904.0,902.0
1632563403.657,903.0,902.0
1632563403.956,903.0,902.0
1632563404.255,903.0,902.0
1632563404.558,903.0,902.0
1632563404.857,903.0,903.0
1632563405.156,903.0,903.0
1632563405.459,904.0,903.0
1632563405.758,903.0,903.0
1632563406.057,903.0,903.0
1632563406.36,903.0,903.0
1632563406.659,903.0,903.0
1632563406.958,903.0,903.0
1632563407.257,903.0,903.0
1632563407.56,902.0,903.0
1632563407.859,900.0,903.0
1632563408.158,900.0,902.0
1632563408.461,901.0,902.0
1632563408.76,901.0,902.0
1632563409.059,901.0,901.0
1632563409.362,902.0,901.0
1632563409.661,902.0,901.0
1632563409.96,902.0,901.0
1632563410.263,902.0,901.0
1632563410.562,902.0,901.0
1632563410.861,902.0,901.0
1632563411.16,902.0,901.0
1632563411.464,902.0,901.0
1632563411.763,902.0,901.0
1632563412.062,903.0,901.0
1632563412.364,902.0,902.0
1632563412.664,902.0,902.0
1632563412.963,902.0,902.0
1632563413.266,902.0,902.0
1632563413.565,902.0,902.0
1632563413.864,902.0,902.0
1632563414.167,901.0,902.0
1632563414.466,902.0,902.0
1632563414.765,902.0,902.0
1632563415.064,902.0,902.0
1632563415.367,903.0,901.0
1632563415.666,902.0,902.0
1632563415.965,902.0,902.0
1632563416.268,902.0,902.0
1632563416.567,902.0,902.0
1632563416.866,903.0,902.0
1632563417.169,902.0,902.0
1632563417.468,903.0,902.0
1632563417.767,903.0,902.0
1632563418.07,902.0,902.0
1632563418.369,903.0,902.0
1632563418.668,903.0,902.0
1632563418.967,903.0,902.0
1632563419.27,903.0,902.0
1632563419.569,903.0,902.0
1632563419.868,903.0,902.0
1632563420.171,903.0,902.0
1632563420.47,903.0,902.0
1632563420.769,903.0,902.0
1632563421.072,903.0,902.0
1632563421.371,903.0,903.0
1632563421.67,903.0,903.0
1632563421.973,903.0,903.0
1632563422.272,903.0,903.0
1632563422.571,903.0,903.0
1632563422.87,903.0,903.0
1632563423.173,903.0,903.0
1632563423.473,903.0,903.0
1632563423.772,903.0,903.0
1632563424.074,903.0,903.0
1632563424.374,902.0,903.0
1632563424.673,902.0,902.0
1632563424.975,902.0,902.0
1632563425.275,902.0,902.0
1632563425.574,902.0,902.0
1632563425.877,902.0,902.0
1632563426.176,902.0,902.0
1632563426.475,902.0,902.0
1632563426.774,902.0,902.0
1632563427.077,902.0,902.0
1632563427.376,903.0,902.0
1632563427.675,902.0,902.0
1632563427.979,902.0,902.0
1632563428.277,902.0,902.0
1632563428.576,902.0,902.0
1632563428.879,902.0,902.0
1632563429.178,902.0,902.0
1632563429.477,901.0,902.0
1632563429.78,902.0,902.0
1632563430.079,902.0,902.0
1632563430.378,901.0,902.0
1632563430.677,902.0,901.0
1632563430.98,902.0,901.0
1632563431.279,902.0,901.0
1632563431.578,902.0,901.0
1632563431.881,902.0,901.0
1632563432.18,902.0,901.0
1632563432.479,902.0,901.0
1632563432.782,902.0,901.0
1632563433.081,902.0,901.0
1632563433.38,902.0,901.0
1632563433.683,902.0,902.0
1632563433.982,903.0,902.0
1632563434.281,902.0,902.0
1632563434.58,902.0,902.0
1632563434.883,902.0,902.0
1632563435.182,903.0,902.0
1632563435.481,902.0,902.0
1632563435.784,903.0,902.0
1632563436.083,903.0,902.0
1632563436.383,903.0,902.0
1632563436.685,903.0,902.0
1632563436.984,903.0,902.0
1632563437.284,904.0,902.0
1632563437.586,903.0,902.0
1632563437.886,904.0,902.0
1632563438.185,903.0,903.0
1632563438.484,903.0,903.0
1632563438.787,903.0,903.0
1632563439.086,903.0,903.0
1632563439.385,903.0,903.0
1632563439.688,903.0,903.0
1632563439.987,903.0,903.0
1632563440.286,903.0,903.0
1632563440.589,903.0,903.0
1632563440.888,903.0,903.0
1632563441.187,903.0,903.0
1632563441.49,903.0,903.0
1632563441.789,903.0,903.0
1632563442.088,903.0,903.0
1632563442.387,903.0,903.0
1632563442.69,903.0,903.0
1632563442.989,902.0,903.0
1632563443.288,903.0,902.0
1632563443.591,902.0,902.0
1632563443.89,902.0,902.0
1632563444.189,902.0,902.0
1632563444.492,902.0,902.0
1632563444.791,902.0,902.0
1632563445.09,902.0,902.0
1632563445.393,902.0,902.0
1632563445.692,902.0,902.0
1632563445.991,902.0,902.0
1632563446.29,902.0,902.0
1632563446.593,902.0,902.0
1632563446.892,902.0,902.0
1632563447.191,902.0,902.0
1632563447.494,902.0,902.0
1632563447.793,901.0,902.0
1632563448.092,902.0,901.0
1632563448.395,902.0,901.0
1632563448.694,902.0,901.0
1632563448.993,902.0,901.0
1632563449.296,902.0,901.0
1632563449.595,902.0,901.0
1632563449.895,901.0,901.0
1632563450.194,901.0,901.0
1632563450.497,902.0,901.0
1632563450.796,902.0,901.0
1632563451.095,902.0,901.0
1632563451.398,902.0,901.0
1632563451.697,902.0,901.0
1632563451.996,903.0,901.0
1632563452.299,902.0,901.0
1632563452.598,903.0,901.0
1632563452.897,903.0,902.0
1632563453.2,903.0,902.0
1632563453.499,903.0,902.0
1632563453.798,903.0,902.0
1632563454.097,903.0,902.0
1632563454.4,903.0,902.0
1632563454.699,903.0,902.0
1632563454.998,903.0,902.0
1632563455.301,903.0,902.0
1632563455.6,903.0,903.0
1632563455.899,903.0,903.0
1632563456.202,903.0,903.0
1632563456.501,903.0,903.0
1632563456.8,903.0,903.0
1632563457.103,903.0,903.0
1632563457.402,903.0,903.0
1632563457.701,903.0,903.0
1632563458.0,904.0,903.0
1632563458.303,903.0,903.0
1632563458.602,903.0,903.0
1632563458.901,904.0,903.0
1632563459.204,903.0,903.0
1632563459.503,903.0,903.0
1632563459.802,903.0,903.0
1632563460.105,903.0,903.0
1632563460.404,903.0,903.0
1632563460.703,902.0,903.0
1632563461.006,902.0,903.0
1632563461.305,903.0,902.0
1632563461.604,902.0,902.0
1632563461.904,902.0,902.0
1632563462.206,902.0,902.0
1632563462.506,902.0,902.0
1632563462.805,902.0,902.0
1632563463.107,902.0,902.0
1632563463.407,902.0,902.0
1632563463.706,902.0,902.0
1632563464.009,902.0,902.0
1632563464.308,902.0,902.0
1632563464.607,902.0,902.0
1632563464.91,902.0,902.0
1632563465.209,902.0,902.0
1632563465.508,901.0,902.0
1632563465.807,902.0,901.0
1632563466.11,902.0,901.0
1632563466.409,902.0,901.0
1632563466.708,902.0,901.0
1632563467.011,902.0,901.0
1632563467.31,902.0,901.0
1632563467.609,902.0,901.0
1632563467.912,901.0,901.0
1632563468.211,898.0,901.0
1632563468.51,901.0,901.0
1632563468.813,901.0,901.0
1632563469.112,900.0,901.0
1632563469.411,901.0,901.0
1632563469.71,902.0,901.0
1632563470.013,903.0,901.0
1632563470.312,903.0,901.0
1632563470.611,903.0,901.0
1632563470.914,903.0,901.0
1632563471.213,903.0,901.0
1632563471.512,903.0,902.0
1632563471.815,903.0,902.0
1632563472.114,903.0,902.0
1632563472.413,903.0,902.0
1632563472.716,903.0,902.0
1632563473.015,903.0,903.0
1632563473.314,903.0,903.0
1632563473.613,903.0,903.0
1632563473.916,903.0,903.0
1632563474.215,903.0,903.0
1632563474.515,904.0,903.0
1632563474.817,903.0,903.0
1632563475.116,903.0,903.0
1632563475.416,903.0,903.0
1632563475.719,903.0,903.0
1632563476.018,903.0,903.0
1632563476.317,903.0,903.0
1632563476.62,903.0,903.0
1632563476.919,903.0,903.0
1632563477.218,902.0,903.0
1632563477.517,903.0,903.0
1632563477.82,902.0,902.0
1632563478.119,902.0,902.0
1632563478.418,902.0,902.0
1632563478.721,902.0,902.0
1632563479.02,902.0,902.0
1632563479.319,902.0,902.0
1632563479.622,902.0,902.0
1632563479.921,902.0,902.0
1632563480.22,902.0,902.0
1632563480.523,902.0,902.0
1632563480.822,902.0,902.0
1632563481.121,902.0,902.0
1632563481.42,902.0,902.0
1632563481.723,902.0,902.0
1632563482.022,902.0,902.0
1632563482.321,902.0,902.0
1632563482.624,902.0,902.0
1632563482.923,902.0,902.0
1632563483.222,902.0,902.0
1632563483.525,902.0,902.0
1632563483.824,901.0,902.0
1632563484.123,901.0,901.0
1632563484.426,901.0,901.0
1632563484.725,902.0,901.0
1632563485.024,902.0,901.0
1632563485.323,902.0,901.0
1632563485.626,901.0,901.0
1632563485.925,901.0,901.0
1632563486.225,901.0,901.0
1632563486.527,902.0,901.0
1632563486.827,901.0,901.0
1632563487.126,902.0,901.0
1632563487.428,902.0,901.0
1632563487.728,902.0,901.0
1632563488.027,902.0,901.0
1632563488.33,902.0,901.0
1632563488.629,902.0,901.0
1632563488.928,902.0,901.0
1632563489.227,902.0,901.0
1632563489.53,902.0,901.0
1632563489.829,903.0,901.0
1632563490.128,902.0,902.0
1632563490.431,902.0,902.0
1632563490.73,903.0,902.0
1632563491.029,902.0,902.0
1632563491.332,903.0,902.0
1632563491.631,902.0,902.0
1632563491.93,904.0,902.0
1632563492.233,903.0,902.0
1632563492.532,903.0,902.0
1632563492.831,903.0,902.0
1632563493.13,903.0,902.0
1632563493.433,903.0,902.0
1632563493.732,903.0,902.0
1632563494.031,904.0,902.0
1632563494.334,903.0,903.0
1632563494.633,903.0,903.0
1632563494.932,902.0,903.0
1632563495.235,904.0,903.0
1632563495.534,902.0,903.0
1632563495.833,903.0,903.0
1632563496.132,903.0,903.0
1632563496.435,903.0,903.0
1632563496.734,902.0,903.0
1632563497.033,903.0,902.0
1632563497.336,903.0,902.0
1632563497.635,902.0,902.0
1632563497.934,903.0,902.0
1632563498.237,902.0,902.0
1632563498.536,902.0,902.0
1632563498.835,902.0,902.0
1632563499.138,902.0,902.0
1632563499.437,902.0,902.0
1632563499.736,902.0,902.0
1632563500.036,902.0,902.0
1632563500.339,902.0,902.0
1632563500.638,901.0,902.0
1632563500.937,902.0,902.0
1632563501.24,902.0,901.0
1632563501.539,902.0,901.0
1632563501.838,902.0,901.0
1632563502.141,901.0,901.0
1632563502.44,901.0,901.0
1632563502.739,902.0,901.0
1632563503.042,902.0,901.0
1632563503.341,902.0,901.0
1632563503.64,902.0,901.0
1632563503.939,902.0,901.0
1632563504.242,902.0,901.0
1632563504.541,901.0,901.0
1632563504.84,901.0,901.0
1632563505.143,902.0,901.0
1632563505.442,902.0,901.0
1632563505.741,902.0,901.0
1632563506.044,902.0,901.0
1632563506.343,902.0,901.0
1632563506.642,902.0,901.0
1632563506.945,902.0,901.0
1632563507.244,903.0,901.0
1632563507.543,902.0,901.0
1632563507.842,903.0,902.0
1632563508.145,903.0,902.0
1632563508.444,902.0,902.0
1632563508.743,902.0,902.0
1632563509.046,903.0,902.0
1632563509.345,902.0,902.0
1632563509.644,902.0,902.0
1632563509.947,903.0,902.0
1632563510.246,903.0,902.0
1632563510.545,903.0,902.0
1632563510.848,903.0,902.0
1632563511.147,903.0,902.0
1632563511.446,903.0,902.0
1632563511.745,903.0,902.0
1632563512.048,903.0,902.0
1632563512.348,903.0,902.0
1632563512.647,903.0,902.0
1632563512.949,902.0,903.0
1632563513.249,903.0,902.0
1632563513.548,903.0,902.0
1632563513.85,903.0,902.0
1632563514.15,902.0,902.0
1632563514.449,903.0,902.0
1632563514.752,902.0,902.0
1632563515.051,902.0,902.0
1632563515.35,902.0,902.0
1632563515.649,902.0,902.0
1632563515.952,901.0,902.0
1632563516.251,902.0,902.0
1632563516.55,902.0,902.0
1632563516.853,902.0,902.0
1632563517.152,902.0,902.0
1632563517.451,901.0,902.0
1632563517.754,901.0,901.0
1632563518.053,901.0,901.0
1632563518.352,901.0,901.0
1632563518.655,902.0,901.0
1632563518.954,901.0,901.0
1632563519.253,901.0,901.0
1632563519.552,902.0,901.0
1632563519.855,901.0,901.0
1632563520.154,900.0,901.0
1632563520.453,901.0,901.0
1632563520.756,901.0,901.0
1632563521.055,901.0,901.0
1632563521.354,901.0,901.0
1632563521.657,901.0,901.0
1632563521.956,901.0,901.0
1632563522.255,901.0,901.0
1632563522.558,902.0,901.0
1632563522.857,902.0,901.0
1632563523.156,901.0,901.0
1632563523.455,901.0,901.0
1632563523.758,902.0,901.0
1632563524.057,902.0,901.0
1632563524.356,902.0,901.0
1632563524.659,902.0,901.0
1632563524.958,902.0,901.0
1632563525.258,902.0,901.0
1632563525.56,902.0,901.0
1632563525.859,903.0,901.0
1632563526.159,902.0,901.0
1632563526.462,902.0,902.0
1632563526.761,902.0,902.0
1632563527.06,902.0,902.0
1632563527.359,902.0,902.0
1632563527.662,902.0,902.0
1632563527.961,901.0,902.0
1632563528.26,901.0,902.0
1632563528.563,900.0,901.0
1632563528.862,901.0,901.0
1632563529.161,901.0,901.0
1632563529.464,901.0,901.0
1632563529.763,903.0,901.0
1632563530.062,903.0,901.0
1632563530.365,902.0,901.0
1632563530.664,902.0,901.0
1632563530.963,902.0,901.0
1632563531.262,903.0,901.0
1632563531.565,902.0,901.0
1632563531.864,902.0,902.0
1632563532.163,903.0,902.0
1632563532.466,903.0,902.0
1632563532.765,902.0,902.0
1632563533.064,902.0,902.0
1632563533.367,902.0,902.0
1632563533.666,902.0,902.0
1632563533.965,902.0,902.0
1632563534.268,902.0,902.0
1632563534.567,902.0,902.0
1632563534.866,902.0,902.0
1632563535.165,902.0,902.0
1632563535.468,902.0,902.0
1632563535.767,902.0,902.0
1632563536.066,902.0,902.0
1632563536.369,902.0,902.0
1632563536.668,902.0,902.0
1632563536.967,901.0,902.0
1632563537.27,902.0,901.0
1632563537.569,902.0,901.0
1632563537.868,902.0,901.0
1632563538.171,902.0,901.0
1632563538.471,902.0,901.0
1632563538.77,902.0,901.0
1632563539.069,902.0,901.0
1632563539.372,901.0,901.0
1632563539.671,902.0,901.0
1632563539.97,902.0,901.0
1632563540.273,902.0,901.0
1632563540.572,902.0,901.0
1632563540.871,902.0,901.0
1632563541.174,902.0,901.0
1632563541.473,902.0,901.0
1632563541.772,902.0,901.0
1632563542.075,902.0,901.0
1632563542.374,902.0,901.0
1632563542.673,902.0,902.0
1632563542.972,902.0,902.0
1632563543.275,902.0,902.0
1632563543.574,902.0,902.0
1632563543.873,902.0,902.0
1632563544.176,902.0,902.0
1632563544.475,903.0,902.0
1632563544.774,903.0,902.0
1632563545.077,903.0,902.0
1632563545.376,903.0,902.0
1632563545.675,903.0,902.0
1632563545.978,903.0,902.0
1632563546.277,903.0,902.0
1632563546.576,903.0,902.0
1632563546.875,903.0,902.0
1632563547.178,903.0,902.0
1632563547.477,903.0,903.0
1632563547.776,904.0,903.0
1632563548.079,903.0,903.0
1632563548.378,903.0,903.0
1632563548.677,903.0,903.0
1632563548.98,903.0,903.0
1632563549.279,903.0,903.0
1632563549.578,903.0,903.0
1632563549.881,903.0,903.0
1632563550.18,903.0,903.0
1632563550.48,903.0,903.0
1632563550.779,903.0,903.0
1632563551.082,903.0,903.0
1632563551.381,902.0,903.0
1632563551.68,902.0,902.0
1632563551.983,901.0,902.0
1632563552.282,901.0,902.0
1632563552.581,902.0,902.0
1632563552.884,901.0,902.0
1632563553.183,902.0,902.0
1632563553.482,901.0,902.0
1632563553.785,902.0,901.0
1632563554.084,901.0,901.0
1632563554.383,902.0,901.0
1632563554.682,902.0,901.0
1632563554.985,901.0,901.0
1632563555.284,901.0,901.0
1632563555.583,901.0,901.0
1632563555.886,901.0,901.0
1632563556.185,901.0,901.0
1632563556.484,902.0,901.0
1632563556.787,901.0,901.0
1632563557.086,901.0,901.0
1632563557.385,901.0,901.0
1632563557.688,901.0,901.0
1632563557.987,901.0,901.0
1632563558.286,902.0,901.0
1632563558.585,901.0,901.0
1632563558.888,902.0,901.0
1632563559.187,902.0,901.0
1632563559.486,901.0,901.0
1632563559.789,902.0,901.0
1632563560.088,902.0,901.0
1632563560.387,902.0,901.0
1632563560.69,902.0,901.0
1632563560.989,902.0,901.0
1632563561.288,902.0,901.0
1632563561.591,902.0,901.0
1632563561.89,902.0,901.0
1632563562.189,902.0,901.0
1632563562.488,902.0,901.0
1632563562.791,903.0,902.0
1632563563.09,903.0,902.0
1632563563.39,902.0,902.0
1632563563.692,903.0,902.0
1632563563.991,903.0,902.0
1632563564.291,902.0,902.0
1632563564.594,903.0,902.0
1632563564.893,903.0,902.0
1632563565.192,903.0,902.0
1632563565.495,903.0,902.0
1632563565.794,903.0,902.0
1632563566.093,903.0,902.0
1632563566.392,903.0,902.0
1632563566.695,902.0,902.0
1632563566.994,903.0,902.0
1632563567.293,903.0,902.0
1632563567.596,903.0,902.0
1632563567.895,902.0,902.0
1632563568.194,902.0,902.0
1632563568.497,902.0,902.0
1632563568.796,902.0,902.0
1632563569.095,902.0,902.0
1632563569.398,902.0,902.0
1632563569.697,902.0,902.0
1632563569.996,902.0,902.0
1632563570.295,902.0,902.0
1632563570.598,902.0,902.0
1632563570.897,902.0,902.0
1632563571.196,902.0,902.0
1632563571.499,902.0,902.0
1632563571.798,902.0,902.0
1632563572.097,902.0,902.0
1632563572.4,902.0,902.0
1632563572.699,902.0,902.0
1632563572.998,902.0,902.0
1632563573.301,902.0,902.0
1632563573.6,902.0,902.0
1632563573.899,902.0,902.0
1632563574.198,901.0,902.0
1632563574.501,902.0,901.0
1632563574.8,902.0,901.0
1632563575.099,902.0,901.0
1632563575.402,902.0,901.0
1632563575.701,902.0,901.0
1632563576.001,902.0,901.0
1632563576.303,903.0,901.0
1632563576.602,903.0,902.0
1632563576.902,903.0,902.0
1632563577.205,902.0,902.0
1632563577.504,903.0,902.0
1632563577.803,903.0,902.0
1632563578.102,903.0,902.0
1632563578.405,903.0,902.0
1632563578.704,903.0,902.0
1632563579.003,903.0,902.0
1632563579.306,902.0,902.0
1632563579.605,903.0,902.0
1632563579.904,903.0,902.0
1632563580.207,903.0,902.0
1632563580.506,903.0,902.0
1632563580.805,903.0,902.0
1632563581.108,901.0,902.0
1632563581.407,903.0,902.0
1632563581.706,903.0,902.0
1632563582.005,903.0,902.0
1632563582.308,902.0,902.0
1632563582.607,902.0,902.0
1632563582.906,902.0,902.0
1632563583.209,902.0,902.0
1632563583.508,902.0,902.0
1632563583.807,902.0,902.0
1632563584.11,902.0,902.0
1632563584.409,902.0,902.0
1632563584.708,902.0,902.0
1632563585.011,902.0,902.0
1632563585.31,902.0,902.0
1632563585.609,902.0,902.0
1632563585.908,901.0,902.0
1632563586.211,902.0,901.0
1632563586.51,902.0,901.0
1632563586.809,902.0,901.0
1632563587.112,902.0,901.0
1632563587.411,901.0,901.0
1632563587.71,901.0,901.0
1632563588.013,897.0,901.0
1632563588.312,899.0,901.0
1632563588.611,900.0,900.0
1632563588.911,900.0,900.0
1632563589.214,901.0,900.0
1632563589.513,902.0,900.0
1632563589.812,902.0,900.0
1632563590.115,902.0,900.0
1632563590.414,903.0,900.0
1632563590.713,902.0,900.0
1632563591.016,902.0,900.0
1632563591.315,903.0,901.0
1632563591.614,902.0,901.0
1632563591.917,903.0,901.0
1632563592.216,903.0,902.0
1632563592.515,903.0,902.0
1632563592.814,903.0,902.0
1632563593.117,903.0,902.0
1632563593.416,903.0,902.0
1632563593.715,903.0,902.0
1632563594.018,903.0,902.0
1632563594.317,903.0,902.0
1632563594.616,903.0,902.0
1632563594.919,903.0,903.0
1632563595.218,903.0,903.0
1632563595.517,903.0,903.0
1632563595.82,902.0,903.0
1632563596.119,902.0,902.0
1632563596.418,902.0,902.0
1632563596.717,902.0,902.0
1632563597.02,902.0,902.0
1632563597.319,902.0,902.0
1632563597.618,901.0,902.0
1632563597.921,901.0,902.0
1632563598.22,901.0,902.0
1632563598.519,902.0,901.0
1632563598.822,902.0,901.0
1632563599.121,901.0,901.0
1632563599.42,902.0,901.0
1632563599.723,902.0,901.0
1632563600.022,902.0,901.0
1632563600.321,902.0,901.0
1632563600.62,901.0,901.0
1632563600.923,902.0,901.0
1632563601.223,902.0,901.0
1632563601.522,902.0,901.0
1632563601.824,902.0,901.0
1632563602.124,902.0,901.0
1632563602.423,902.0,901.0
1632563602.726,902.0,901.0
1632563603.025,902.0,901.0
1632563603.324,902.0,901.0
1632563603.627,903.0,901.0
1632563603.926,903.0,902.0
1632563604.225,902.0,902.0
1632563604.524,903.0,902.0
1632563604.827,903.0,902.0
1632563605.126,903.0,902.0
1632563605.425,903.0,902.0
1632563605.728,903.0,902.0
1632563606.027,903.0,902.0
1632563606.326,903.0,902.0
1632563606.629,903.0,902.0
1632563606.928,903.0,902.0
1632563607.227,903.0,902.0
1632563607.53,903.0,903.0
1632563607.829,903.0,903.0
1632563608.128,903.0,903.0
1632563608.427,903.0,903.0
1632563608.73,902.0,903.0
1632563609.029,903.0,902.0
1632563609.328,902.0,902.0
1632563609.631,902.0,902.0
1632563609.93,902.0,902.0
1632563610.229,902.0,902.0
1632563610.532,902.0,902.0
1632563610.831,901.0,902.0
1632563611.13,902.0,902.0
1632563611.433,902.0,902.0
1632563611.732,901.0,902.0
1632563612.031,902.0,901.0
1632563612.33,902.0,901.0
1632563612.633,902.0,901.0
1632563612.932,902.0,901.0
1632563613.231,902.0,901.0
1632563613.534,902.0,901.0
1632563613.834,902.0,901.0
1632563614.133,901.0,901.0
1632563614.436,901.0,901.0
1632563614.735,901.0,901.0
1632563615.034,901.0,901.0
1632563615.337,902.0,901.0
1632563615.636,902.0,901.0
1632563615.935,902.0,901.0
1632563616.234,902.0,901.0
1632563616.537,902.0,901.0
1632563616.836,902.0,901.0
1632563617.135,902.0,901.0
1632563617.438,902.0,901.0
1632563617.737,903.0,901.0
1632563618.036,902.0,902.0
1632563618.339,903.0,902.0
1632563618.638,903.0,902.0
1632563618.937,903.0,902.0
1632563619.24,903.0,902.0
1632563619.539,903.0,902.0
1632563619.838,903.0,902.0
1632563620.137,903.0,902.0
1632563620.44,903.0,902.0
1632563620.739,903.0,902.0
1632563621.038,903.0,902.0
1632563621.341,903.0,903.0
1632563621.64,901.0,903.0
1632563621.939,902.0,902.0
1632563622.242,903.0,902.0
1632563622.541,903.0,902.0
1632563622.84,902.0,902.0
1632563623.143,902.0,902.0
1632563623.442,902.0,902.0
1632563623.741,902.0,902.0
1632563624.04,902.0,902.0
1632563624.343,902.0,902.0
1632563624.642,902.0,902.0
1632563624.941,902.0,902.0
1632563625.244,902.0,902.0
1632563625.543,902.0,902.0
1632563625.842,901.0,902.0
1632563626.145,902.0,901.0
1632563626.444,901.0,901.0
1632563626.743,902.0,901.0
1632563627.046,902.0,901.0
1632563627.346,902.0,901.0
1632563627.645,902.0,901.0
1632563627.944,901.0,901.0
1632563628.247,902.0,901.0
1632563628.546,902.0,901.0
1632563628.845,901.0,901.0
1632563629.148,902.0,901.0
1632563629.447,902.0,901.0
1632563629.746,902.0,901.0
1632563630.049,902.0,901.0
1632563630.348,902.0,901.0
1632563630.647,902.0,901.0
1632563630.95,903.0,901.0
1632563631.249,903.0,902.0
1632563631.548,902.0,902.0
1632563631.847,903.0,902.0
1632563632.15,903.0,902.0
1632563632.449,903.0,902.0
1632563632.748,903.0,902.0
1632563633.051,903.0,902.0
1632563633.35,903.0,902.0
1632563633.649,903.0,902.0
1632563633.952,903.0,902.0
1632563634.251,904.0,902.0
1632563634.55,903.0,903.0
1632563634.853,903.0,903.0
1632563635.152,902.0,903.0
1632563635.451,903.0,903.0
1632563635.75,902.0,903.0
1632563636.053,902.0,902.0
1632563636.352,902.0,902.0
1632563636.651,902.0,902.0
1632563636.954,902.0,902.0
1632563637.253,902.0,902.0
1632563637.552,902.0,902.0
1632563637.855,901.0,902.0
1632563638.154,901.0,902.0
1632563638.453,901.0,901.0
1632563638.756,901.0,901.0
1632563639.055,900.0,901.0
1632563639.354,902.0,901.0
1632563639.654,902.0,901.0
1632563639.957,902.0,901.0
1632563640.256,901.0,901.0
1632563640.555,901.0,901.0
1632563640.858,901.0,901.0
1632563641.157,899.0,901.0
1632563641.456,901.0,901.0
1632563641.759,901.0,901.0
1632563642.058,901.0,901.0
1632563642.357,901.0,901.0
1632563642.66,901.0,901.0
1632563642.959,902.0,900.0
1632563643.258,901.0,900.0
1632563643.557,901.0,900.0
1632563643.86,902.0,900.0
1632563644.159,902.0,901.0
1632563644.458,902.0,901.0
1632563644.761,902.0,901.0
1632563645.06,902.0,901.0
1632563645.359,902.0,901.0
1632563645.662,902.0,901.0
1632563645.961,902.0,901.0
1632563646.26,903.0,901.0
1632563646.563,902.0,902.0
1632563646.862,902.0,902.0
1632563647.161,902.0,902.0
1632563647.46,903.0,902.0
1632563647.763,902.0,902.0
1632563648.062,901.0,902.0
1632563648.361,901.0,902.0
1632563648.664,901.0,902.0
1632563648.963,901.0,901.0
1632563649.263,901.0,901.0
1632563649.565,903.0,901.0
1632563649.864,902.0,901.0
1632563650.163,902.0,901.0
1632563650.466,902.0,901.0
1632563650.765,902.0,901.0
1632563651.064,902.0,901.0
1632563651.363,902.0,901.0
1632563651.667,902.0,901.0
1632563651.966,901.0,901.0
1632563652.265,902.0,901.0
1632563652.567,902.0,902.0
1632563652.867,902.0,901.0
1632563653.166,902.0,901.0
1632563653.469,901.0,901.0
1632563653.768,901.0,901.0
1632563654.067,901.0,901.0
1632563654.37,901.0,901.0
1632563654.669,901.0,901.0
1632563654.968,902.0,901.0
1632563655.267,902.0,901.0
1632563655.57,902.0,901.0
1632563655.869,901.0,901.0
1632563656.168,901.0,901.0
1632563656.471,902.0,901.0
1632563656.77,901.0,901.0
1632563657.069,901.0,901.0
1632563657.372,901.0,901.0
1632563657.671,901.0,901.0
1632563657.97,902.0,901.0
1632563658.273,902.0,901.0
1632563658.572,902.0,901.0
1632563658.871,902.0,901.0
1632563659.17,902.0,901.0
1632563659.473,902.0,901.0
1632563659.772,902.0,901.0
1632563660.071,902.0,901.0
1632563660.374,902.0,901.0
1632563660.673,902.0,901.0
1632563660.972,902.0,902.0
1632563661.275,902.0,902.0
1632563661.574,903.0,902.0
1632563661.873,903.0,902.0
1632563662.176,903.0,902.0
1632563662.475,903.0,902.0
1632563662.774,903.0,902.0
1632563663.073,903.0,902.0
1632563663.376,903.0,902.0
1632563663.675,903.0,902.0
1632563663.975,903.0,902.0
1632563664.277,903.0,902.0
1632563664.576,902.0,903.0
1632563664.876,903.0,902.0
1632563665.178,902.0,902.0
1632563665.478,902.0,902.0
1632563665.777,902.0,902.0
1632563666.08,902.0,902.0
1632563666.379,902.0,902.0
1632563666.678,902.0,902.0
1632563666.977,902.0,902.0
1632563667.28,902.0,902.0
1632563667.579,902.0,902.0
1632563667.878,902.0,902.0
1632563668.181,902.0,902.0
1632563668.48,901.0,902.0
1632563668.779,902.0,901.0
1632563669.082,902.0,901.0
1632563669.381,902.0,901.0
1632563669.68,902.0,901.0
1632563669.983,902.0,901.0
1632563670.282,902.0,901.0
1632563670.581,901.0,901.0
1632563670.88,901.0,901.0
1632563671.183,902.0,901.0
1632563671.482,901.0,901.0
1632563671.781,902.0,901.0
1632563672.084,902.0,901.0
1632563672.383,902.0,901.0
1632563672.682,902.0,901.0
1632563672.985,902.0,901.0
1632563673.284,902.0,901.0
1632563673.583,903.0,901.0
1632563673.886,903.0,901.0
1632563674.185,902.0,902.0
1632563674.484,902.0,902.0
1632563674.783,903.0,902.0
1632563675.086,903.0,902.0
1632563675.385,903.0,902.0
1632563675.684,903.0,902.0
1632563675.987,903.0,902.0
1632563676.286,903.0,902.0
1632563676.586,903.0,902.0
1632563676.888,903.0,902.0
1632563677.187,903.0,902.0
1632563677.487,903.0,902.0
1632563677.789,903.0,903.0
1632563678.089,903.0,903.0
1632563678.388,903.0,903.0
1632563678.687,904.0,903.0
1632563678.99,903.0,903.0
1632563679.289,903.0,903.0
1632563679.588,903.0,903.0
1632563679.891,903.0,903.0
1632563680.19,903.0,903.0
1632563680.489,903.0,903.0
1632563680.792,902.0,903.0
1632563681.091,902.0,903.0
1632563681.39,902.0,902.0
1632563681.693,903.0,902.0
1632563681.992,901.0,902.0
1632563682.291,902.0,902.0
1632563682.59,902.0,902.0
1632563682.893,902.0,902.0
1632563683.192,902.0,902.0
1632563683.491,902.0,902.0
1632563683.794,901.0,902.0
1632563684.093,902.0,901.0
1632563684.392,902.0,901.0
1632563684.695,902.0,901.0
1632563684.994,902.0,901.0
1632563685.293,902.0,901.0
1632563685.596,902.0,901.0
1632563685.895,902.0,901.0
1632563686.194,902.0,901.0
1632563686.493,902.0,901.0
1632563686.796,902.0,901.0
1632563687.095,902.0,902.0
1632563687.394,901.0,902.0
1632563687.697,901.0,901.0
1632563687.996,902.0,901.0
1632563688.295,902.0,901.0
1632563688.598,902.0,901.0
1632563688.897,903.0,901.0
1632563689.196,902.0,901.0
1632563689.496,902.0,901.0
1632563689.798,902.0,901.0
1632563690.098,903.0,901.0
1632563690.397,903.0,902.0
1632563690.699,903.0,902.0
1632563690.999,903.0,902.0
1632563691.298,903.0,902.0
1632563691.601,903.0,902.0
1632563691.9,903.0,902.0
1632563692.199,904.0,902.0
1632563692.502,903.0,902.0
1632563692.801,903.0,903.0
1632563693.1,903.0,903.0
1632563693.399,903.0,903.0
1632563693.702,903.0,903.0
1632563694.001,903.0,903.0
1632563694.3,903.0,903.0
1632563694.603,903.0,903.0
1632563694.902,903.0,903.0
1632563695.201,903.0,903.0
1632563695.504,904.0,903.0
1632563695.803,903.0,903.0
1632563696.102,904.0,903.0
1632563696.405,903.0,903.0
1632563696.704,903.0,903.0
1632563697.003,903.0,903.0
1632563697.302,903.0,903.0
1632563697.605,902.0,903.0
1632563697.904,902.0,903.0
1632563698.203,902.0,903.0
1632563698.506,902.0,902.0
1632563698.805,902.0,902.0
1632563699.104,902.0,902.0
1632563699.407,902.0,902.0
1632563699.706,902.0,902.0
1632563700.005,902.0,902.0
1632563700.308,902.0,902.0
1632563700.607,902.0,902.0
1632563700.906,902.0,902.0
1632563701.205,902.0,902.0
1632563701.508,902.0,902.0
1632563701.807,901.0,902.0
1632563702.107,902.0,901.0
1632563702.409,902.0,901.0
1632563702.709,901.0,901.0
1632563703.008,902.0,901.0
1632563703.31,902.0,901.0
1632563703.61,902.0,901.0
1632563703.909,902.0,901.0
1632563704.212,902.0,901.0
1632563704.511,902.0,901.0
1632563704.81,903.0,901.0
1632563705.109,903.0,902.0
1632563705.412,903.0,902.0
1632563705.711,903.0,902.0
1632563706.01,903.0,902.0
1632563706.313,903.0,902.0
1632563706.612,903.0,902.0
1632563706.911,903.0,902.0
1632563707.214,903.0,902.0
1632563707.513,903.0,902.0
1632563707.812,903.0,903.0
1632563708.115,902.0,903.0
1632563708.414,901.0,902.0
1632563708.713,902.0,902.0
1632563709.012,901.0,902.0
1632563709.315,903.0,902.0
1632563709.614,903.0,902.0
1632563709.913,903.0,902.0
1632563710.216,902.0,902.0
1632563710.515,903.0,902.0
1632563710.814,903.0,902.0
1632563711.117,902.0,902.0
1632563711.416,902.0,902.0
1632563711.715,902.0,902.0
1632563712.018,902.0,902.0
1632563712.317,902.0,902.0
1632563712.616,902.0,902.0
1632563712.915,902.0,902.0
1632563713.218,902.0,902.0
1632563713.517,902.0,902.0
1632563713.816,902.0,902.0
1632563714.119,902.0,902.0
1632563714.418,902.0,902.0
1632563714.718,902.0,902.0
1632563715.02,901.0,902.0
1632563715.319,902.0,901.0
1632563715.619,902.0,901.0
1632563715.922,902.0,901.0
1632563716.221,902.0,901.0
1632563716.52,902.0,901.0
1632563716.819,902.0,901.0
1632563717.122,902.0,901.0
1632563717.421,903.0,901.0
1632563717.72,902.0,902.0
1632563718.023,903.0,902.0
1632563718.322,903.0,902.0
1632563718.621,902.0,902.0
1632563718.924,903.0,902.0
1632563719.223,903.0,902.0
1632563719.522,904.0,902.0
1632563719.825,903.0,902.0
1632563720.124,903.0,902.0
1632563720.423,903.0,902.0
1632563720.722,903.0,902.0
1632563721.025,903.0,903.0
1632563721.324,903.0,903.0
1632563721.623,903.0,903.0
1632563721.926,903.0,903.0
1632563722.225,903.0,903.0
1632563722.524,903.0,903.0
1632563722.827,903.0,903.0
1632563723.126,903.0,903.0
1632563723.425,903.0,903.0
1632563723.728,903.0,903.0
1632563724.027,902.0,903.0
1632563724.326,902.0,902.0
1632563724.625,902.0,902.0
1632563724.928,902.0,902.0
1632563725.227,902.0,902.0
1632563725.526,902.0,902.0
1632563725.829,902.0,902.0
1632563726.128,903.0,902.0
1632563726.427,902.0,902.0
1632563726.73,902.0,902.0
1632563727.029,902.0,902.0
1632563727.328,902.0,902.0
1632563727.631,902.0,902.0
1632563727.93,902.0,902.0
1632563728.23,902.0,902.0
1632563728.529,902.0,902.0
1632563728.832,901.0,902.0
1632563729.131,902.0,902.0
1632563729.43,902.0,901.0
1632563729.733,902.0,901.0
1632563730.032,902.0,901.0
1632563730.331,902.0,901.0
1632563730.634,902.0,901.0
1632563730.933,902.0,901.0
1632563731.232,902.0,901.0
1632563731.535,902.0,901.0
1632563731.834,902.0,901.0
1632563732.133,902.0,902.0
1632563732.432,902.0,902.0
1632563732.735,903.0,902.0
1632563733.034,903.0,902.0
1632563733.333,903.0,902.0
1632563733.636,902.0,902.0
1632563733.935,903.0,902.0
1632563734.234,903.0,902.0
1632563734.537,903.0,902.0
1632563734.836,903.0,902.0
1632563735.135,903.0,902.0
1632563735.438,903.0,902.0
1632563735.737,902.0,902.0
1632563736.036,903.0,902.0
1632563736.335,903.0,902.0
1632563736.638,903.0,902.0
1632563736.937,903.0,902.0
1632563737.236,903.0,902.0
1632563737.539,903.0,902.0
1632563737.838,903.0,902.0
1632563738.137,903.0,902.0
1632563738.44,903.0,902.0
1632563738.739,903.0,902.0
1632563739.038,903.0,903.0
1632563739.341,902.0,903.0
1632563739.64,902.0,902.0
1632563739.939,902.0,902.0
1632563740.239,902.0,902.0
1632563740.541,902.0,902.0
1632563740.841,902.0,902.0
1632563741.14,901.0,902.0
1632563741.442,902.0,902.0
1632563741.742,901.0,902.0
1632563742.041,901.0,901.0
1632563742.344,901.0,901.0
1632563742.643,902.0,901.0
1632563742.942,902.0,901.0
1632563743.245,901.0,901.0
1632563743.544,901.0,901.0
1632563743.843,901.0,901.0
1632563744.142,901.0,901.0
1632563744.445,902.0,901.0
1632563744.744,901.0,901.0
1632563745.043,901.0,901.0
1632563745.346,901.0,901.0
1632563745.645,901.0,901.0
1632563745.944,901.0,901.0
1632563746.247,901.0,901.0
1632563746.546,901.0,901.0
1632563746.845,902.0,901.0
1632563747.148,902.0,901.0
1632563747.447,902.0,901.0
1632563747.746,902.0,901.0
1632563748.045,903.0,901.0
1632563748.348,902.0,901.0
1632563748.647,902.0,901.0
1632563748.946,902.0,901.0
1632563749.249,902.0,901.0
1632563749.548,902.0,902.0
1632563749.847,903.0,902.0
1632563750.15,903.0,902.0
1632563750.449,903.0,902.0
1632563750.748,903.0,902.0
1632563751.051,902.0,902.0
1632563751.35,903.0,902.0
1632563751.649,903.0,902.0
1632563751.948,903.0,902.0
1632563752.251,903.0,902.0
1632563752.55,902.0,902.0
1632563752.85,903.0,902.0
1632563753.152,903.0,902.0
1632563753.451,903.0,902.0
1632563753.751,903.0,902.0
1632563754.053,903.0,902.0
1632563754.353,903.0,902.0
1632563754.652,903.0,902.0
1632563754.955,903.0,902.0
1632563755.254,903.0,902.0
1632563755.553,903.0,902.0
1632563755.852,902.0,903.0
1632563756.155,903.0,902.0
1632563756.454,902.0,902.0
1632563756.753,903.0,902.0
1632563757.056,903.0,902.0
1632563757.355,902.0,902.0
1632563757.654,902.0,902.0
1632563757.957,902.0,902.0
1632563758.256,902.0,902.0
1632563758.555,901.0,902.0
1632563758.858,902.0,902.0
1632563759.157,901.0,902.0
1632563759.456,901.0,902.0
1632563759.755,902.0,901.0
1632563760.058,902.0,901.0
1632563760.357,902.0,901.0
1632563760.656,902.0,901.0
1632563760.959,901.0,901.0
1632563761.258,902.0,901.0
1632563761.557,901.0,901.0
1632563761.86,901.0,901.0
1632563762.159,902.0,901.0
1632563762.458,902.0,901.0
1632563762.761,901.0,901.0
1632563763.06,901.0,901.0
1632563763.359,902.0,901.0
1632563763.658,901.0,901.0
1632563763.961,901.0,901.0
1632563764.26,901.0,901.0
1632563764.559,901.0,901.0
1632563764.862,901.0,901.0
1632563765.161,901.0,901.0
1632563765.461,902.0,901.0
1632563765.763,902.0,901.0
1632563766.062,902.0,901.0
1632563766.362,902.0,901.0
1632563766.664,902.0,901.0
1632563766.964,902.0,901.0
1632563767.263,902.0,901.0
1632563767.562,903.0,901.0
1632563767.865,900.0,901.0
1632563768.164,901.0,901.0
1632563768.463,901.0,901.0
1632563768.766,901.0,901.0
1632563769.065,901.0,901.0
1632563769.364,902.0,901.0
1632563769.667,902.0,901.0
1632563769.966,902.0,901.0
1632563770.265,902.0,901.0
1632563770.568,902.0,901.0
1632563770.867,902.0,901.0
1632563771.166,902.0,901.0
1632563771.465,902.0,901.0
1632563771.768,903.0,901.0
1632563772.067,904.0,902.0
1632563772.366,903.0,902.0
1632563772.669,903.0,902.0
1632563772.968,903.0,902.0
1632563773.267,903.0,902.0
1632563773.57,903.0,902.0
1632563773.869,903.0,902.0
1632563774.168,903.0,902.0
1632563774.471,903.0,903.0
1632563774.77,903.0,903.0
1632563775.069,903.0,903.0
1632563775.368,903.0,903.0
1632563775.671,902.0,903.0
1632563775.97,903.0,902.0
1632563776.269,902.0,902.0
1632563776.572,903.0,902.0
1632563776.871,902.0,902.0
1632563777.17,903.0,902.0
1632563777.473,902.0,902.0
1632563777.772,902.0,902.0
1632563778.071,902.0,902.0
1632563778.374,902.0,902.0
1632563778.673,903.0,902.0
1632563778.973,902.0,902.0
1632563779.272,902.0,902.0
1632563779.574,902.0,902.0
1632563779.874,902.0,902.0
1632563780.173,902.0,902.0
1632563780.476,902.0,902.0
1632563780.775,902.0,902.0
1632563781.074,902.0,902.0
1632563781.377,902.0,902.0
1632563781.676,902.0,902.0
1632563781.975,902.0,902.0
1632563782.278,901.0,902.0
1632563782.577,902.0,901.0
1632563782.876,902.0,901.0
1632563783.175,902.0,901.0
1632563783.478,902.0,901.0
1632563783.777,902.0,901.0
1632563784.076,902.0,901.0
1632563784.379,901.0,901.0
1632563784.678,902.0,901.0
1632563784.977,901.0,901.0
1632563785.28,902.0,901.0
1632563785.579,901.0,901.0
1632563785.878,902.0,901.0
1632563786.181,901.0,901.0
1632563786.48,902.0,901.0
1632563786.779,902.0,901.0
1632563787.078,902.0,901.0
1632563787.381,903.0,901.0
1632563787.68,902.0,901.0
1632563787.979,902.0,901.0
1632563788.282,902.0,901.0
1632563788.581,902.0,901.0
1632563788.88,902.0,902.0
1632563789.183,902.0,902.0
1632563789.482,903.0,902.0
1632563789.781,902.0,902.0
1632563790.084,903.0,902.0
1632563790.383,903.0,902.0
1632563790.683,903.0,902.0
1632563790.982,902.0,902.0
1632563791.284,903.0,902.0
1632563791.584,903.0,902.0
1632563791.883,902.0,902.0
1632563792.185,903.0,902.0
1632563792.485,903.0,902.0
1632563792.784,902.0,902.0
1632563793.087,903.0,902.0
1632563793.386,903.0,902.0
1632563793.685,902.0,902.0
1632563793.988,903.0,902.0
1632563794.287,903.0,902.0
1632563794.586,903.0,902.0
1632563794.885,903.0,902.0
1632563795.188,903.0,902.0
1632563795.487,903.0,902.0
1632563795.786,903.0,902.0
1632563796.089,903.0,902.0
1632563796.388,903.0,902.0
1632563796.687,903.0,902.0
1632563796.99,903.0,903.0
1632563797.289,903.0,903.0
1632563797.588,903.0,903.0
1632563797.891,903.0,903.0
1632563798.19,902.0,903.0
1632563798.489,903.0,902.0
1632563798.788,903.0,902.0
1632563799.091,902.0,902.0
1632563799.39,903.0,902.0
1632563799.689,902.0,902.0
1632563799.992,902.0,902.0
1632563800.291,902.0,902.0
1632563800.59,902.0,902.0
1632563800.893,902.0,902.0
1632563801.192,901.0,902.0
1632563801.491,902.0,902.0
1632563801.794,902.0,902.0
1632563802.093,901.0,902.0
1632563802.392,902.0,901.0
1632563802.691,902.0,901.0
1632563802.994,901.0,901.0
1632563803.293,902.0,901.0
1632563803.593,901.0,901.0
1632563803.895,901.0,901.0
1632563804.194,902.0,901.0
1632563804.494,902.0,901.0
1632563804.796,901.0,901.0
1632563805.096,901.0,901.0
1632563805.395,902.0,901.0
1632563805.698,901.0,901.0
1632563805.997,902.0,901.0
1632563806.296,902.0,901.0
1632563806.595,901.0,901.0
1632563806.898,901.0,901.0
1632563807.197,901.0,901.0
1632563807.496,901.0,901.0
1632563807.799,901.0,901.0
1632563808.098,901.0,901.0
1632563808.397,901.0,901.0
1632563808.7,902.0,901.0
1632563808.999,902.0,901.0
1632563809.298,902.0,901.0
1632563809.601,902.0,901.0
1632563809.9,902.0,901.0
1632563810.199,903.0,901.0
1632563810.498,902.0,901.0
1632563810.801,902.0,901.0
1632563811.1,902.0,901.0
1632563811.399,903.0,902.0
1632563811.702,903.0,902.0
1632563812.001,902.0,902.0
1632563812.3,903.0,902.0
1632563812.603,903.0,902.0
1632563812.902,903.0,902.0
1632563813.201,903.0,902.0
1632563813.5,902.0,902.0
1632563813.803,903.0,902.0
1632563814.102,903.0,902.0
1632563814.401,903.0,902.0
1632563814.704,903.0,902.0
1632563815.003,903.0,902.0
1632563815.302,903.0,902.0
1632563815.605,903.0,902.0
1632563815.904,903.0,902.0
1632563816.204,903.0,902.0
1632563816.506,902.0,902.0
1632563816.806,903.0,902.0
1632563817.105,903.0,902.0
1632563817.404,903.0,902.0
1632563817.707,903.0,902.0
1632563818.006,903.0,902.0
1632563818.305,903.0,902.0
1632563818.608,903.0,902.0
1632563818.907,903.0,902.0
1632563819.206,902.0,902.0
1632563819.509,902.0,902.0
1632563819.808,903.0,902.0
1632563820.107,902.0,902.0
1632563820.41,903.0,902.0
1632563820.709,902.0,902.0
1632563821.008,902.0,902.0
1632563821.307,903.0,902.0
1632563821.61,902.0,902.0
1632563821.909,902.0,902.0
1632563822.208,902.0,902.0
1632563822.511,902.0,902.0
1632563822.81,902.0,902.0
1632563823.109,902.0,902.0
1632563823.412,902.0,902.0
1632563823.711,901.0,902.0
1632563824.01,902.0,902.0
1632563824.313,901.0,902.0
1632563824.612,902.0,901.0
1632563824.911,901.0,901.0
1632563825.21,901.0,901.0
1632563825.513,901.0,901.0
1632563825.812,901.0,901.0
1632563826.111,902.0,901.0
1632563826.414,902.0,901.0
1632563826.713,901.0,901.0
1632563827.012,901.0,901.0
1632563827.315,901.0,901.0
1632563827.614,902.0,901.0
1632563827.913,900.0,901.0
1632563828.216,900.0,901.0
1632563828.515,900.0,901.0
1632563828.815,900.0,901.0
1632563829.114,899.0,900.0
1632563829.416,900.0,900.0
1632563829.716,901.0,900.0
1632563830.015,901.0,900.0
1632563830.318,901.0,900.0
1632563830.617,901.0,900.0
1632563830.916,901.0,900.0
1632563831.219,902.0,900.0
1632563831.518,901.0,900.0
1632563831.817,901.0,900.0
1632563832.12,901.0,900.0
1632563832.419,902.0,901.0
1632563832.718,901.0,901.0
1632563833.017,901.0,901.0
1632563833.32,902.0,901.0
1632563833.619,901.0,901.0
1632563833.918,901.0,901.0
1632563834.221,901.0,901.0
1632563834.52,902.0,901.0
1632563834.819,901.0,901.0
1632563835.122,901.0,901.0
1632563835.421,901.0,901.0
1632563835.72,901.0,901.0
1632563836.023,901.0,901.0
1632563836.322,901.0,901.0
1632563836.621,902.0,901.0
1632563836.92,901.0,901.0
1632563837.223,901.0,901.0
1632563837.522,901.0,901.0
1632563837.821,901.0,901.0
1632563838.124,901.0,901.0
1632563838.423,901.0,901.0
1632563838.722,901.0,901.0
1632563839.025,900.0,901.0
1632563839.324,901.0,901.0
1632563839.623,901.0,901.0
1632563839.926,901.0,900.0
1632563840.225,901.0,900.0
1632563840.524,901.0,900.0
1632563840.823,901.0,900.0
1632563841.126,901.0,900.0
1632563841.425,901.0,900.0
1632563841.725,902.0,900.0
1632563842.027,901.0,901.0
1632563842.327,902.0,901.0
1632563842.626,901.0,901.0
1632563842.929,901.0,901.0
1632563843.228,902.0,901.0
1632563843.527,901.0,901.0
1632563843.83,901.0,901.0
1632563844.129,901.0,901.0
1632563844.428,901.0,901.0
1632563844.727,901.0,901.0
1632563845.03,901.0,901.0
1632563845.329,901.0,901.0
1632563845.628,901.0,901.0
1632563845.931,902.0,901.0
1632563846.23,901.0,901.0
1632563846.529,902.0,901.0
1632563846.832,901.0,901.0
1632563847.131,901.0,901.0
1632563847.43,901.0,901.0
1632563847.733,901.0,901.0
1632563848.032,901.0,901.0
1632563848.331,901.0,901.0
1632563848.63,902.0,901.0
1632563848.933,902.0,901.0
1632563849.232,901.0,901.0
1632563849.531,901.0,901.0
1632563849.834,902.0,901.0
1632563850.133,902.0,901.0
1632563850.432,901.0,901.0
1632563850.735,902.0,901.0
1632563851.034,902.0,901.0
1632563851.333,902.0,901.0
1632563851.636,902.0,901.0
1632563851.935,902.0,901.0
1632563852.234,902.0,901.0
1632563852.533,902.0,901.0
1632563852.836,901.0,901.0
1632563853.135,902.0,901.0
1632563853.434,902.0,901.0
1632563853.737,902.0,901.0
1632563854.036,902.0,901.0
1632563854.336,902.0,901.0
1632563854.638,902.0,901.0
1632563854.938,902.0,901.0
1632563855.237,903.0,901.0
1632563855.54,902.0,902.0
1632563855.839,902.0,902.0
1632563856.138,902.0,902.0
1632563856.437,902.0,902.0
1632563856.74,902.0,902.0
1632563857.039,902.0,902.0
1632563857.338,902.0,902.0
1632563857.641,902.0,902.0
1632563857.94,902.0,902.0
1632563858.239,902.0,902.0
1632563858.542,902.0,902.0
1632563858.841,902.0,902.0
1632563859.14,902.0,902.0
1632563859.443,902.0,902.0
1632563859.742,902.0,902.0
1632563860.041,901.0,902.0
1632563860.34,901.0,901.0
1632563860.643,901.0,901.0
1632563860.942,901.0,901.0
1632563861.241,901.0,901.0
1632563861.544,901.0,901.0
1632563861.843,901.0,901.0
1632563862.142,901.0,901.0
1632563862.445,901.0,901.0
1632563862.744,901.0,901.0
1632563863.043,901.0,901.0
1632563863.346,901.0,901.0
1632563863.645,901.0,901.0
1632563863.944,901.0,901.0
1632563864.243,901.0,901.0
1632563864.546,901.0,901.0
1632563864.845,901.0,901.0
1632563865.144,901.0,901.0
1632563865.447,901.0,901.0
1632563865.746,901.0,901.0
1632563866.046,901.0,901.0
1632563866.348,901.0,901.0
1632563866.647,901.0,901.0
1632563866.947,901.0,901.0
1632563867.249,901.0,901.0
1632563867.549,901.0,901.0
1632563867.848,901.0,901.0
1632563868.147,901.0,901.0
1632563868.45,901.0,901.0
1632563868.749,901.0,901.0
1632563869.048,901.0,901.0
1632563869.351,901.0,901.0
1632563869.65,901.0,901.0
1632563869.949,901.0,901.0
1632563870.252,901.0,901.0
1632563870.551,901.0,901.0
1632563870.85,901.0,901.0
1632563871.153,901.0,901.0
1632563871.452,901.0,901.0
1632563871.751,901.0,901.0
1632563872.05,901.0,901.0
1632563872.353,902.0,901.0
1632563872.652,901.0,901.0
1632563872.951,901.0,901.0
1632563873.254,901.0,901.0
1632563873.553,902.0,901.0
1632563873.852,902.0,901.0
1632563874.155,901.0,901.0
1632563874.454,902.0,901.0
1632563874.753,902.0,901.0
1632563875.056,902.0,901.0
1632563875.355,902.0,901.0
1632563875.654,902.0,901.0
1632563875.953,902.0,901.0
1632563876.256,902.0,901.0
1632563876.555,902.0,901.0
1632563876.854,902.0,901.0
1632563877.157,902.0,901.0
1632563877.456,902.0,902.0
1632563877.755,902.0,902.0
1632563878.058,902.0,902.0
1632563878.357,902.0,902.0
1632563878.656,902.0,902.0
1632563878.959,902.0,902.0
1632563879.258,902.0,902.0
1632563879.558,902.0,902.0
1632563879.857,902.0,902.0
1632563880.16,902.0,902.0
1632563880.459,902.0,902.0
1632563880.758,902.0,902.0
1632563881.061,902.0,902.0
1632563881.36,903.0,902.0
1632563881.659,902.0,902.0
1632563881.962,902.0,902.0
1632563882.261,902.0,902.0
1632563882.56,903.0,902.0
1632563882.863,902.0,902.0
1632563883.162,902.0,902.0
1632563883.461,902.0,902.0
1632563883.76,902.0,902.0
1632563884.063,902.0,902.0
1632563884.362,902.0,902.0
1632563884.661,902.0,902.0
1632563884.964,902.0,902.0
1632563885.263,902.0,902.0
1632563885.562,901.0,902.0
1632563885.865,902.0,901.0
1632563886.164,901.0,901.0
1632563886.463,901.0,901.0
1632563886.766,901.0,901.0
1632563887.065,901.0,901.0
1632563887.364,901.0,901.0
1632563887.663,901.0,901.0
1632563887.966,900.0,901.0
1632563888.265,900.0,901.0
1632563888.564,899.0,900.0
1632563888.867,899.0,900.0
1632563889.166,900.0,900.0
1632563889.465,899.0,900.0
1632563889.768,901.0,900.0
1632563890.067,901.0,900.0
1632563890.366,901.0,900.0
1632563890.669,901.0,900.0
1632563890.968,901.0,900.0
1632563891.267,901.0,900.0
1632563891.567,900.0,900.0
1632563891.869,900.0,900.0
1632563892.169,901.0,900.0
1632563892.468,901.0,900.0
1632563892.77,901.0,900.0
1632563893.07,900.0,900.0
1632563893.369,900.0,900.0
1632563893.672,901.0,900.0
1632563893.971,900.0,900.0
1632563894.27,900.0,900.0
1632563894.573,901.0,900.0
1632563894.872,901.0,900.0
1632563895.171,901.0,900.0
1632563895.47,900.0,900.0
1632563895.773,901.0,900.0
1632563896.072,901.0,900.0
1632563896.371,901.0,900.0
1632563896.674,901.0,900.0
1632563896.973,900.0,900.0
1632563897.272,900.0,900.0
1632563897.575,901.0,900.0
1632563897.874,901.0,900.0
1632563898.173,901.0,900.0
1632563898.476,900.0,900.0
1632563898.775,901.0,900.0
1632563899.074,901.0,900.0
1632563899.373,901.0,900.0
1632563899.676,901.0,900.0
1632563899.975,901.0,900.0
1632563900.274,901.0,900.0
1632563900.577,901.0,900.0
1632563900.876,901.0,900.0
1632563901.175,902.0,900.0
1632563901.478,901.0,901.0
1632563901.777,901.0,901.0
1632563902.076,902.0,901.0
1632563902.379,901.0,901.0
1632563902.678,901.0,901.0
1632563902.977,901.0,901.0
1632563903.276,902.0,901.0
1632563903.579,902.0,901.0
1632563903.878,901.0,901.0
1632563904.178,902.0,901.0
1632563904.48,902.0,901.0
1632563904.779,902.0,901.0
1632563905.079,902.0,901.0
1632563905.381,902.0,901.0
1632563905.681,902.0,901.0
1632563905.98,902.0,901.0
1632563906.283,902.0,901.0
1632563906.582,902.0,901.0
1632563906.881,902.0,901.0
1632563907.18,902.0,902.0
1632563907.483,902.0,902.0
1632563907.782,902.0,902.0
1632563908.081,902.0,902.0
1632563908.384,902.0,902.0
1632563908.683,902.0,902.0
1632563908.982,902.0,902.0
1632563909.285,902.0,902.0
1632563909.584,902.0,902.0
1632563909.883,902.0,902.0
1632563910.186,902.0,902.0
1632563910.485,902.0,902.0
1632563910.784,902.0,902.0
1632563911.083,903.0,902.0
1632563911.386,902.0,902.0
1632563911.685,902.0,902.0
1632563911.984,902.0,902.0
1632563912.287,903.0,902.0
1632563912.586,902.0,902.0
1632563912.885,902.0,902.0
1632563913.188,902.0,902.0
1632563913.487,902.0,902.0
1632563913.786,902.0,902.0
1632563914.089,902.0,902.0
1632563914.388,902.0,902.0
1632563914.687,901.0,902.0
1632563914.986,902.0,902.0
1632563915.289,901.0,902.0
1632563915.588,901.0,901.0
1632563915.887,901.0,901.0
1632563916.19,901.0,901.0
1632563916.489,902.0,901.0
1632563916.789,901.0,901.0
1632563917.091,901.0,901.0
1632563917.39,901.0,901.0
1632563917.69,901.0,901.0
1632563917.993,901.0,901.0
1632563918.292,901.0,901.0
1632563918.591,901.0,901.0
1632563918.89,901.0,901.0
1632563919.193,901.0,901.0
1632563919.492,901.0,901.0
1632563919.791,901.0,901.0
1632563920.094,901.0,901.0
1632563920.393,901.0,901.0
1632563920.692,901.0,901.0
1632563920.995,901.0,901.0
1632563921.294,901.0,901.0
1632563921.593,901.0,901.0
1632563921.896,901.0,901.0
1632563922.195,901.0,901.0
1632563922.494,901.0,901.0
1632563922.793,901.0,901.0
1632563923.096,902.0,901.0
1632563923.395,901.0,901.0
1632563923.694,901.0,901.0
1632563923.997,901.0,901.0
1632563924.296,900.0,901.0
1632563924.595,900.0,901.0
1632563924.898,901.0,900.0
1632563925.197,900.0,900.0
1632563925.496,901.0,900.0
1632563925.799,900.0,900.0
1632563926.098,900.0,900.0
1632563926.397,902.0,900.0
1632563926.696,901.0,900.0
1632563926.999,901.0,900.0
1632563927.298,901.0,900.0
1632563927.597,901.0,900.0
1632563927.9,901.0,900.0
1632563928.199,901.0,900.0
1632563928.498,901.0,900.0
1632563928.801,901.0,900.0
1632563929.1,901.0,901.0
1632563929.399,901.0,901.0
1632563929.702,902.0,901.0
1632563930.001,901.0,901.0
1632563930.301,901.0,901.0
1632563930.6,902.0,901.0
1632563930.903,902.0,901.0
1632563931.202,901.0,901.0
1632563931.501,902.0,901.0
1632563931.804,902.0,901.0
1632563932.103,901.0,901.0
1632563932.402,902.0,901.0
1632563932.705,902.0,901.0
1632563933.004,902.0,901.0
1632563933.303,902.0,901.0
1632563933.606,902.0,901.0
1632563933.905,902.0,901.0
1632563934.204,902.0,901.0
1632563934.503,902.0,901.0
1632563934.806,902.0,901.0
1632563935.105,903.0,901.0
1632563935.404,902.0,902.0
1632563935.707,902.0,902.0
1632563936.006,903.0,902.0
1632563936.305,902.0,902.0
1632563936.608,902.0,902.0
1632563936.907,902.0,902.0
1632563937.206,902.0,902.0
1632563937.509,902.0,902.0
1632563937.808,902.0,902.0
1632563938.107,902.0,902.0
1632563938.406,903.0,902.0
1632563938.709,903.0,902.0
1632563939.008,902.0,902.0
1632563939.307,902.0,902.0
1632563939.61,903.0,902.0
1632563939.909,902.0,902.0
1632563940.208,903.0,902.0
1632563940.511,902.0,902.0
1632563940.81,903.0,902.0
1632563941.109,901.0,902.0
1632563941.412,902.0,902.0
1632563941.711,903.0,902.0
1632563942.01,902.0,902.0
1632563942.31,902.0,902.0
1632563942.612,902.0,902.0
1632563942.912,902.0,902.0
1632563943.211,902.0,902.0
1632563943.514,902.0,902.0
1632563943.813,902.0,902.0
1632563944.112,901.0,902.0
1632563944.415,902.0,902.0
1632563944.714,901.0,902.0
1632563945.013,902.0,901.0
1632563945.316,901.0,901.0
1632563945.615,901.0,901.0
1632563945.914,901.0,901.0
1632563946.213,901.0,901.0
1632563946.516,901.0,901.0
1632563946.815,901.0,901.0
1632563947.114,901.0,901.0
1632563947.417,901.0,901.0
1632563947.716,901.0,901.0
1632563948.015,893.0,901.0
1632563948.318,899.0,900.0
1632563948.617,900.0,900.0
1632563948.916,899.0,899.0
1632563949.219,900.0,899.0
1632563949.518,901.0,899.0
1632563949.817,901.0,899.0
1632563950.116,901.0,899.0
1632563950.419,901.0,899.0
1632563950.718,900.0,899.0
1632563951.017,901.0,899.0
1632563951.32,900.0,900.0
1632563951.619,900.0,900.0
1632563951.918,901.0,900.0
1632563952.221,900.0,900.0
1632563952.52,901.0,900.0
1632563952.819,900.0,900.0
1632563953.122,901.0,900.0
1632563953.421,901.0,900.0
1632563953.72,901.0,900.0
1632563954.02,901.0,900.0
1632563954.322,900.0,900.0
1632563954.621,900.0,900.0
1632563954.921,900.0,900.0
1632563955.223,900.0,900.0
1632563955.522,900.0,900.0
1632563955.822,900.0,900.0
1632563956.125,900.0,900.0
1632563956.424,900.0,900.0
1632563956.723,901.0,900.0
1632563957.026,901.0,900.0
1632563957.325,901.0,900.0
1632563957.624,901.0,900.0
1632563957.923,901.0,900.0
1632563958.226,901.0,900.0
1632563958.525,901.0,900.0
1632563958.824,901.0,900.0
1632563959.127,901.0,900.0
1632563959.426,901.0,900.0
1632563959.725,901.0,901.0
1632563960.028,901.0,901.0
1632563960.327,902.0,901.0
1632563960.626,902.0,901.0
1632563960.929,902.0,901.0
1632563961.228,901.0,901.0
1632563961.527,901.0,901.0
1632563961.826,901.0,901.0
1632563962.129,902.0,901.0
1632563962.428,901.0,901.0
1632563962.727,902.0,901.0
1632563963.03,902.0,901.0
1632563963.329,902.0,901.0
1632563963.628,902.0,901.0
1632563963.931,902.0,901.0
1632563964.23,902.0,901.0
1632563964.529,901.0,901.0
1632563964.832,902.0,901.0
1632563965.131,902.0,901.0
1632563965.43,902.0,901.0
1632563965.729,902.0,901.0
1632563966.032,902.0,901.0
1632563966.331,901.0,901.0
1632563966.63,902.0,901.0
1632563966.933,902.0,901.0
1632563967.232,902.0,901.0
1632563967.532,902.0,901.0
1632563967.834,902.0,901.0
1632563968.133,902.0,901.0
1632563968.433,902.0,901.0
1632563968.735,902.0,901.0
1632563969.035,903.0,901.0
1632563969.334,902.0,902.0
1632563969.633,902.0,902.0
1632563969.936,902.0,902.0
1632563970.235,902.0,902.0
1632563970.534,902.0,902.0
1632563970.837,902.0,902.0
1632563971.136,902.0,902.0
1632563971.435,902.0,902.0
1632563971.738,902.0,902.0
1632563972.037,902.0,902.0
1632563972.336,903.0,902.0
1632563972.639,902.0,902.0
1632563972.938,902.0,902.0
1632563973.237,902.0,902.0
1632563973.536,902.0,902.0
1632563973.839,902.0,902.0
1632563974.138,902.0,902.0
1632563974.437,902.0,902.0
1632563974.74,902.0,902.0
1632563975.039,902.0,902.0
1632563975.338,901.0,902.0
1632563975.641,902.0,901.0
1632563975.94,901.0,901.0
1632563976.239,901.0,901.0
1632563976.542,902.0,901.0
1632563976.841,901.0,901.0
1632563977.14,901.0,901.0
1632563977.439,901.0,901.0
1632563977.742,901.0,901.0
1632563978.041,901.0,901.0
1632563978.34,901.0,901.0
1632563978.643,901.0,901.0
1632563978.942,901.0,901.0
1632563979.241,901.0,901.0
1632563979.544,901.0,901.0
1632563979.843,901.0,901.0
1632563980.142,901.0,901.0
1632563980.445,901.0,901.0
1632563980.744,901.0,901.0
1632563981.044,901.0,901.0
1632563981.343,901.0,901.0
1632563981.645,901.0,901.0
1632563981.945,901.0,901.0
1632563982.244,901.0,901.0
1632563982.547,901.0,901.0
1632563982.846,901.0,901.0
1632563983.145,901.0,901.0
1632563983.448,901.0,901.0
1632563983.747,901.0,901.0
1632563984.046,901.0,901.0
1632563984.349,902.0,901.0
1632563984.648,901.0,901.0
1632563984.947,900.0,901.0
1632563985.246,900.0,901.0
1632563985.549,901.0,900.0
1632563985.848,900.0,900.0
1632563986.147,901.0,900.0
1632563986.45,900.0,900.0
1632563986.749,900.0,900.0
1632563987.048,900.0,900.0
1632563987.351,900.0,900.0
1632563987.65,901.0,900.0
1632563987.949,901.0,900.0
1632563988.252,901.0,900.0
1632563988.551,901.0,900.0
1632563988.85,901.0,900.0
1632563989.149,901.0,900.0
1632563989.452,901.0,900.0
1632563989.751,901.0,900.0
1632563990.05,901.0,900.0
1632563990.353,901.0,900.0
1632563990.652,901.0,901.0
1632563990.951,902.0,901.0
1632563991.254,901.0,901.0
1632563991.553,902.0,901.0
1632563991.852,902.0,901.0
1632563992.155,901.0,901.0
1632563992.454,902.0,901.0
1632563992.753,902.0,901.0
1632563993.053,902.0,901.0
1632563993.355,902.0,901.0
1632563993.655,902.0,901.0
1632563993.954,902.0,901.0
1632563994.257,902.0,901.0
1632563994.556,902.0,901.0
1632563994.855,902.0,901.0
1632563995.158,902.0,901.0
1632563995.457,902.0,902.0
1632563995.756,902.0,902.0
1632563996.059,902.0,902.0
1632563996.358,902.0,902.0
1632563996.657,902.0,902.0
1632563996.956,902.0,902.0
1632563997.259,903.0,902.0
1632563997.558,902.0,902.0
1632563997.857,902.0,902.0
1632563998.16,902.0,902.0
1632563998.459,902.0,902.0
1632563998.758,902.0,902.0
1632563999.061,902.0,902.0
1632563999.36,902.0,902.0
1632563999.659,902.0,902.0
1632563999.962,901.0,902.0
1632564000.261,901.0,902.0
1632564000.56,901.0,901.0
1632564000.859,901.0,901.0
1632564001.162,900.0,901.0
1632564001.461,901.0,901.0
1632564001.76,901.0,901.0
1632564002.063,901.0,901.0
1632564002.362,901.0,901.0
1632564002.661,901.0,901.0
1632564002.964,901.0,900.0
1632564003.263,901.0,900.0
1632564003.562,901.0,900.0
1632564003.865,901.0,900.0
1632564004.164,901.0,900.0
1632564004.463,901.0,901.0
1632564004.762,901.0,901.0
1632564005.065,901.0,901.0
1632564005.365,901.0,901.0
1632564005.664,902.0,901.0
1632564005.966,901.0,901.0
1632564006.266,902.0,901.0
1632564006.565,902.0,901.0
1632564006.868,901.0,901.0
1632564007.167,901.0,901.0
1632564007.466,901.0,901.0
1632564007.769,901.0,901.0
1632564008.068,900.0,901.0
1632564008.367,900.0,901.0
1632564008.666,899.0,901.0
1632564008.969,899.0,900.0
1632564009.268,899.0,900.0
1632564009.567,901.0,900.0
1632564009.87,901.0,900.0
1632564010.169,901.0,900.0
1632564010.468,901.0,900.0
1632564010.771,901.0,900.0
1632564011.07,901.0,900.0
1632564011.369,901.0,900.0
1632564011.672,901.0,900.0
1632564011.971,901.0,900.0
1632564012.27,902.0,900.0
1632564012.569,902.0,901.0
1632564012.872,902.0,901.0
1632564013.171,902.0,901.0
1632564013.47,902.0,901.0
1632564013.773,902.0,901.0
1632564014.072,902.0,901.0
1632564014.371,902.0,901.0
1632564014.674,902.0,901.0
1632564014.973,902.0,901.0
1632564015.272,902.0,902.0
1632564015.575,902.0,902.0
1632564015.874,902.0,902.0
1632564016.173,902.0,902.0
1632564016.472,902.0,902.0
1632564016.775,903.0,902.0
1632564017.074,902.0,902.0
1632564017.373,902.0,902.0
1632564017.676,902.0,902.0
1632564017.975,902.0,902.0
1632564018.275,903.0,902.0
1632564018.577,902.0,902.0
1632564018.877,902.0,902.0
1632564019.176,902.0,902.0
1632564019.479,903.0,902.0
1632564019.778,902.0,902.0
1632564020.077,903.0,902.0
1632564020.376,902.0,902.0
1632564020.679,903.0,902.0
1632564020.978,902.0,902.0
1632564021.277,902.0,902.0
1632564021.58,902.0,902.0
1632564021.879,902.0,902.0
1632564022.178,902.0,902.0
1632564022.481,902.0,902.0
1632564022.78,902.0,902.0
1632564023.079,902.0,902.0
1632564023.382,902.0,902.0
1632564023.681,901.0,902.0
1632564023.98,901.0,901.0
1632564024.279,901.0,901.0
1632564024.582,901.0,901.0
1632564024.881,902.0,901.0
1632564025.18,901.0,901.0
1632564025.483,901.0,901.0
1632564025.782,901.0,901.0
1632564026.081,901.0,901.0
1632564026.384,901.0,901.0
1632564026.683,901.0,901.0
1632564026.982,901.0,901.0
1632564027.285,901.0,901.0
1632564027.584,901.0,901.0
1632564027.883,901.0,901.0
1632564028.182,901.0,901.0
1632564028.485,901.0,901.0
1632564028.784,901.0,901.0
1632564029.083,901.0,901.0
1632564029.386,901.0,901.0
1632564029.685,901.0,901.0
1632564029.984,901.0,901.0
1632564030.287,902.0,901.0
1632564030.586,901.0,901.0
1632564030.886,901.0,901.0
1632564031.188,901.0,901.0
1632564031.488,902.0,901.0
1632564031.787,901.0,901.0
1632564032.086,901.0,901.0
1632564032.389,901.0,901.0
1632564032.688,901.0,901.0
1632564032.987,901.0,901.0
1632564033.29,901.0,901.0
1632564033.589,901.0,901.0
1632564033.888,901.0,901.0
1632564034.191,901.0,901.0
1632564034.49,901.0,901.0
1632564034.789,901.0,901.0
1632564035.092,901.0,901.0
1632564035.391,901.0,901.0
1632564035.69,901.0,901.0
1632564035.989,901.0,901.0
1632564036.292,901.0,901.0
1632564036.591,901.0,901.0
1632564036.89,902.0,901.0
1632564037.193,901.0,901.0
1632564037.492,901.0,901.0
1632564037.791,902.0,901.0
1632564038.094,902.0,901.0
1632564038.393,901.0,901.0
1632564038.692,902.0,901.0
1632564038.995,902.0,901.0
1632564039.294,902.0,901.0
1632564039.593,902.0,901.0
1632564039.892,902.0,901.0
1632564040.195,902.0,901.0
1632564040.494,902.0,901.0
1632564040.793,902.0,901.0
1632564041.096,902.0,901.0
1632564041.395,902.0,901.0
1632564041.694,902.0,902.0
1632564041.997,902.0,902.0
1632564042.296,902.0,902.0
1632564042.595,902.0,902.0
1632564042.898,902.0,902.0
1632564043.197,902.0,902.0
1632564043.496,902.0,902.0
1632564043.796,902.0,902.0
1632564044.098,902.0,902.0
1632564044.398,902.0,902.0
1632564044.697,902.0,902.0
1632564045.0,902.0,902.0
1632564045.299,902.0,902.0
1632564045.598,902.0,902.0
1632564045.901,902.0,902.0
1632564046.2,902.0,902.0
1632564046.499,903.0,902.0
1632564046.802,902.0,902.0
1632564047.101,902.0,902.0
1632564047.4,902.0,902.0
1632564047.699,902.0,902.0
1632564048.002,902.0,902.0
1632564048.301,902.0,902.0
1632564048.6,903.0,902.0
1632564048.903,903.0,902.0
1632564049.202,903.0,902.0
1632564049.501,903.0,902.0
1632564049.804,902.0,902.0
1632564050.103,902.0,902.0
1632564050.402,903.0,902.0
1632564050.705,902.0,902.0
1632564051.004,903.0,902.0
1632564051.303,902.0,902.0
1632564051.602,903.0,902.0
1632564051.905,902.0,902.0
1632564052.204,902.0,902.0
1632564052.503,902.0,902.0
1632564052.806,902.0,902.0
1632564053.105,902.0,902.0
1632564053.404,902.0,902.0
1632564053.707,902.0,902.0
1632564054.006,902.0,902.0
1632564054.305,902.0,902.0
1632564054.608,902.0,902.0
1632564054.907,902.0,902.0
1632564055.206,902.0,902.0
1632564055.505,902.0,902.0
1632564055.808,902.0,902.0
1632564056.108,901.0,902.0
1632564056.407,902.0,901.0
1632564056.709,901.0,901.0
1632564057.009,901.0,901.0
1632564057.308,901.0,901.0
1632564057.611,901.0,901.0
1632564057.91,901.0,901.0
1632564058.209,901.0,901.0
1632564058.512,901.0,901.0
1632564058.811,901.0,901.0
1632564059.11,901.0,901.0
1632564059.409,901.0,901.0
1632564059.712,901.0,901.0
1632564060.011,900.0,901.0
1632564060.31,901.0,900.0
1632564060.613,901.0,900.0
1632564060.912,901.0,900.0
1632564061.211,899.0,900.0
1632564061.514,900.0,900.0
1632564061.813,900.0,900.0
1632564062.112,900.0,900.0
1632564062.415,900.0,900.0
1632564062.714,900.0,900.0
1632564063.013,900.0,900.0
1632564063.312,901.0,900.0
1632564063.615,900.0,900.0
1632564063.914,900.0,900.0
1632564064.213,901.0,900.0
1632564064.516,901.0,900.0
1632564064.815,900.0,900.0
1632564065.114,901.0,900.0
1632564065.417,901.0,900.0
1632564065.716,901.0,900.0
1632564066.015,900.0,900.0
1632564066.318,900.0,900.0
1632564066.617,900.0,900.0
1632564066.916,901.0,900.0
1632564067.215,901.0,900.0
1632564067.518,901.0,900.0
1632564067.817,901.0,900.0
1632564068.117,900.0,900.0
1632564068.419,899.0,900.0
1632564068.718,899.0,900.0
1632564069.018,899.0,900.0
1632564069.32,900.0,900.0
1632564069.62,900.0,900.0
1632564069.919,900.0,900.0
1632564070.222,900.0,900.0
1632564070.521,900.0,899.0
1632564070.82,901.0,899.0
1632564071.119,901.0,899.0
1632564071.422,901.0,899.0
1632564071.721,901.0,900.0
1632564072.02,900.0,900.0
1632564072.323,900.0,900.0
1632564072.622,900.0,900.0
1632564072.921,900.0,900.0
1632564073.224,900.0,900.0
1632564073.523,900.0,900.0
1632564073.822,900.0,900.0
1632564074.125,901.0,900.0
1632564074.424,900.0,900.0
1632564074.723,900.0,900.0
1632564075.022,900.0,900.0
1632564075.325,900.0,900.0
1632564075.624,900.0,900.0
1632564075.923,900.0,900.0
1632564076.226,900.0,900.0
1632564076.525,900.0,900.0
1632564076.824,900.0,900.0
1632564077.127,901.0,900.0
1632564077.426,900.0,900.0
1632564077.725,900.0,900.0
1632564078.028,900.0,900.0
1632564078.327,900.0,900.0
1632564078.626,900.0,900.0
1632564078.925,900.0,900.0
1632564079.228,900.0,900.0
1632564079.527,900.0,900.0
1632564079.826,900.0,900.0
1632564080.129,900.0,900.0
1632564080.428,900.0,900.0
1632564080.728,900.0,900.0
1632564081.03,900.0,900.0
1632564081.329,900.0,900.0
1632564081.629,901.0,900.0
1632564081.931,901.0,900.0
1632564082.231,900.0,900.0
1632564082.53,901.0,900.0
1632564082.829,901.0,900.0
1632564083.132,901.0,900.0
1632564083.431,901.0,900.0
1632564083.73,901.0,900.0
1632564084.033,901.0,900.0
1632564084.332,901.0,900.0
1632564084.631,901.0,900.0
1632564084.934,901.0,900.0
1632564085.233,901.0,900.0
1632564085.532,901.0,901.0
1632564085.835,901.0,901.0
1632564086.134,901.0,901.0
1632564086.433,901.0,901.0
1632564086.732,901.0,901.0
1632564087.035,901.0,901.0
1632564087.334,901.0,901.0
1632564087.633,901.0,901.0
1632564087.936,901.0,901.0
1632564088.235,901.0,901.0
1632564088.534,901.0,901.0
1632564088.837,901.0,901.0
1632564089.136,902.0,901.0
1632564089.435,901.0,901.0
1632564089.738,901.0,901.0
1632564090.037,902.0,901.0
1632564090.336,901.0,901.0
1632564090.635,901.0,901.0
1632564090.938,902.0,901.0
1632564091.237,902.0,901.0
1632564091.536,902.0,901.0
1632564091.839,902.0,901.0
1632564092.138,901.0,901.0
1632564092.437,901.0,901.0
1632564092.74,902.0,901.0
1632564093.039,901.0,901.0
1632564093.338,901.0,901.0
1632564093.641,901.0,901.0
1632564093.94,901.0,901.0
1632564094.24,901.0,901.0
1632564094.539,901.0,901.0
1632564094.841,901.0,901.0
1632564095.141,901.0,901.0
1632564095.44,901.0,901.0
1632564095.743,901.0,901.0
1632564096.042,901.0,901.0
1632564096.341,901.0,901.0
1632564096.644,901.0,901.0
1632564096.943,901.0,901.0
1632564097.242,901.0,901.0
1632564097.545,901.0,901.0
1632564097.844,901.0,901.0
1632564098.143,902.0,901.0
1632564098.442,901.0,901.0
1632564098.745,901.0,901.0
1632564099.044,901.0,901.0
1632564099.343,901.0,901.0
1632564099.646,901.0,901.0
1632564099.945,901.0,901.0
1632564100.244,901.0,901.0
1632564100.547,901.0,901.0
1632564100.846,901.0,901.0
1632564101.145,901.0,901.0
1632564101.448,901.0,901.0
1632564101.747,900.0,901.0
1632564102.046,901.0,900.0
1632564102.345,901.0,900.0
1632564102.648,900.0,900.0
1632564102.947,900.0,900.0
1632564103.246,900.0,900.0
1632564103.549,900.0,900.0
1632564103.848,900.0,900.0
1632564104.147,900.0,900.0
1632564104.45,900.0,900.0
1632564104.749,900.0,900.0
1632564105.048,900.0,900.0
1632564105.351,899.0,900.0
1632564105.65,900.0,899.0
1632564105.949,900.0,899.0
1632564106.249,900.0,899.0
1632564106.551,900.0,899.0
