1631876012.448,5.0
1631876012.45,905.0,905.0
1631876012.452,906.0,905.0
1631876012.454,906.0,905.0
1631876012.456,906.0,905.0
1631876012.458,905.0,905.0
1631876012.46,905.0,905.0
1631876012.754,905.0,905.0
1631876013.053,907.0,905.0
1631876013.356,905.0,905.0
1631876013.655,905.0,905.0
1631876013.954,907.0,905.0
1631876014.257,906.0,905.0
1631876014.556,906.0,905.0
1631876014.855,906.0,905.0
1631876015.158,905.0,905.0
1631876015.457,906.0,905.0
1631876015.756,905.0,905.0
1631876016.056,905.0,905.0
1631876016.358,905.0,905.0
1631876016.658,905.0,905.0
1631876016.957,905.0,905.0
1631876017.259,905.0,905.0
1631876017.559,905.0,905.0
1631876017.858,906.0,905.0
1631876018.161,905.0,905.0
1631876018.46,906.0,905.0
1631876018.759,905.0,905.0
1631876019.062,906.0,905.0
1631876019.361,905.0,905.0
1631876019.66,905.0,905.0
1631876019.959,905.0,905.0
1631876020.262,906.0,905.0
1631876020.561,905.0,905.0
1631876020.86,906.0,905.0
1631876021.163,904.0,905.0
1631876021.462,907.0,905.0
1631876021.761,905.0,905.0
1631876022.064,905.0,905.0
1631876022.363,905.0,905.0
1631876022.662,905.0,905.0
1631876022.965,904.0,905.0
1631876023.264,905.0,905.0
1631876023.563,905.0,905.0
1631876023.862,905.0,905.0
1631876024.165,906.0,905.0
1631876024.464,906.0,905.0
1631876024.763,904.0,905.0
1631876025.066,905.0,905.0
1631876025.365,904.0,905.0
1631876025.664,906.0,904.0
1631876025.967,905.0,905.0
1631876026.266,906.0,905.0
1631876026.565,905.0,905.0
1631876026.868,905.0,905.0
1631876027.167,905.0,905.0
1631876027.466,905.0,905.0
1631876027.766,906.0,905.0
1631876028.068,905.0,905.0
1631876028.367,905.0,905.0
1631876028.666,905.0,905.0
1631876028.969,904.0,905.0
1631876029.268,905.0,905.0
1631876029.568,904.0,905.0
1631876029.87,904.0,904.0
1631876030.17,905.0,904.0
1631876030.469,905.0,904.0
1631876030.772,906.0,904.0
1631876031.071,904.0,904.0
1631876031.37,905.0,904.0
1631876031.669,904.0,904.0
1631876031.972,905.0,904.0
1631876032.271,904.0,904.0
1631876032.57,906.0,904.0
1631876032.873,906.0,904.0
1631876033.172,904.0,905.0
1631876033.471,907.0,904.0
1631876033.774,906.0,905.0
1631876034.073,905.0,905.0
1631876034.372,905.0,905.0
1631876034.675,905.0,905.0
1631876034.974,907.0,905.0
1631876035.273,905.0,905.0
1631876035.572,906.0,905.0
1631876035.875,905.0,905.0
1631876036.174,906.0,905.0
1631876036.473,905.0,905.0
1631876036.776,905.0,905.0
1631876037.075,906.0,905.0
1631876037.374,906.0,905.0
1631876037.677,906.0,905.0
1631876037.976,906.0,905.0
1631876038.275,906.0,905.0
1631876038.578,905.0,905.0
1631876038.877,906.0,905.0
1631876039.176,905.0,905.0
1631876039.475,906.0,905.0
1631876039.778,906.0,905.0
1631876040.077,906.0,905.0
1631876040.376,905.0,905.0
1631876040.679,905.0,905.0
1631876040.978,904.0,905.0
1631876041.277,909.0,905.0
1631876041.58,907.0,905.0
1631876041.879,907.0,905.0
1631876042.179,906.0,906.0
1631876042.482,906.0,906.0
1631876042.781,905.0,906.0
1631876043.08,905.0,906.0
1631876043.379,906.0,905.0
1631876043.682,905.0,906.0
1631876043.981,906.0,906.0
1631876044.28,905.0,906.0
1631876044.583,906.0,905.0
1631876044.882,907.0,905.0
1631876045.181,907.0,905.0
1631876045.484,906.0,905.0
1631876045.783,908.0,905.0
1631876046.082,905.0,906.0
1631876046.385,908.0,906.0
1631876046.684,905.0,906.0
1631876046.983,905.0,906.0
1631876047.282,905.0,906.0
1631876047.585,905.0,906.0
1631876047.884,904.0,906.0
1631876048.183,905.0,905.0
1631876048.486,905.0,905.0
1631876048.785,905.0,905.0
1631876049.084,905.0,905.0
1631876049.387,904.0,905.0
1631876049.686,904.0,904.0
1631876049.985,905.0,904.0
1631876050.288,906.0,904.0
1631876050.587,906.0,904.0
1631876050.886,906.0,904.0
1631876051.185,905.0,905.0
1631876051.488,905.0,905.0
1631876051.787,905.0,905.0
1631876052.086,907.0,905.0
1631876052.389,906.0,905.0
1631876052.688,906.0,905.0
1631876052.987,905.0,905.0
1631876053.29,905.0,905.0
1631876053.589,905.0,905.0
1631876053.889,905.0,905.0
1631876054.191,904.0,905.0
1631876054.49,905.0,905.0
1631876054.79,905.0,905.0
1631876055.093,905.0,905.0
1631876055.392,905.0,905.0
1631876055.69,905.0,905.0
1631876055.99,905.0,904.0
1631876056.293,905.0,904.0
1631876056.592,904.0,904.0
1631876056.891,904.0,904.0
1631876057.194,905.0,904.0
1631876057.493,905.0,904.0
1631876057.792,907.0,904.0
1631876058.095,905.0,905.0
1631876058.394,906.0,905.0
1631876058.693,906.0,905.0
1631876058.996,905.0,905.0
1631876059.295,905.0,905.0
1631876059.594,907.0,905.0
1631876059.893,907.0,905.0
1631876060.196,906.0,905.0
1631876060.495,906.0,905.0
1631876060.794,906.0,906.0
1631876061.097,907.0,905.0
1631876061.396,906.0,906.0
1631876061.695,906.0,906.0
1631876061.998,904.0,906.0
1631876062.297,907.0,906.0
1631876062.596,906.0,906.0
1631876062.899,905.0,906.0
1631876063.198,906.0,905.0
1631876063.497,905.0,905.0
1631876063.796,906.0,905.0
1631876064.099,906.0,905.0
1631876064.398,905.0,905.0
1631876064.697,907.0,905.0
1631876065.0,906.0,905.0
1631876065.299,905.0,905.0
1631876065.599,905.0,905.0
1631876065.901,906.0,905.0
1631876066.2,906.0,905.0
1631876066.5,905.0,905.0
1631876066.803,906.0,905.0
1631876067.102,905.0,905.0
1631876067.401,906.0,905.0
1631876067.7,906.0,905.0
1631876068.003,904.0,905.0
1631876068.302,906.0,905.0
1631876068.601,906.0,905.0
1631876068.904,906.0,905.0
1631876069.203,906.0,905.0
1631876069.502,906.0,905.0
1631876069.805,906.0,905.0
1631876070.104,906.0,905.0
1631876070.403,906.0,905.0
1631876070.706,906.0,905.0
1631876071.005,906.0,905.0
1631876071.304,907.0,906.0
1631876071.603,906.0,906.0
1631876071.906,906.0,906.0
1631876072.205,906.0,906.0
1631876072.504,905.0,906.0
1631876072.807,906.0,906.0
1631876073.106,906.0,906.0
1631876073.405,905.0,906.0
1631876073.708,905.0,905.0
1631876074.007,905.0,905.0
1631876074.306,904.0,905.0
1631876074.609,905.0,905.0
1631876074.908,905.0,905.0
1631876075.207,907.0,905.0
1631876075.506,905.0,905.0
1631876075.809,906.0,905.0
1631876076.108,905.0,905.0
1631876076.407,906.0,905.0
1631876076.71,905.0,905.0
1631876077.009,905.0,905.0
1631876077.308,905.0,905.0
1631876077.611,906.0,905.0
1631876077.91,906.0,905.0
1631876078.209,906.0,905.0
1631876078.512,905.0,905.0
1631876078.811,905.0,905.0
1631876079.111,906.0,905.0
1631876079.41,904.0,905.0
1631876079.713,905.0,905.0
1631876080.012,905.0,905.0
1631876080.31,904.0,905.0
1631876080.613,904.0,905.0
1631876080.913,905.0,905.0
1631876081.212,905.0,904.0
1631876081.515,905.0,904.0
1631876081.814,906.0,904.0
1631876082.113,906.0,904.0
1631876082.416,905.0,904.0
1631876082.715,906.0,905.0
1631876083.014,905.0,905.0
1631876083.313,908.0,905.0
1631876083.616,908.0,905.0
1631876083.915,905.0,905.0
1631876084.214,906.0,905.0
1631876084.517,904.0,906.0
1631876084.816,905.0,905.0
1631876085.115,905.0,905.0
1631876085.418,906.0,905.0
1631876085.717,905.0,905.0
1631876086.016,906.0,905.0
1631876086.319,905.0,905.0
1631876086.618,905.0,905.0
1631876086.917,905.0,905.0
1631876087.216,906.0,905.0
1631876087.519,905.0,905.0
1631876087.818,905.0,905.0
1631876088.117,906.0,905.0
1631876088.42,905.0,905.0
1631876088.719,906.0,905.0
1631876089.018,905.0,905.0
1631876089.321,907.0,905.0
1631876089.62,906.0,905.0
1631876089.919,908.0,905.0
1631876090.222,904.0,905.0
1631876090.521,905.0,905.0
1631876090.821,905.0,905.0
1631876091.12,905.0,905.0
1631876091.423,905.0,905.0
1631876091.721,907.0,905.0
1631876092.02,905.0,905.0
1631876092.324,905.0,905.0
1631876092.623,906.0,905.0
1631876092.922,905.0,905.0
1631876093.225,905.0,905.0
1631876093.524,904.0,905.0
1631876093.823,905.0,905.0
1631876094.126,905.0,905.0
1631876094.425,905.0,905.0
1631876094.724,904.0,905.0
1631876095.023,906.0,904.0
1631876095.326,905.0,905.0
1631876095.625,905.0,905.0
1631876095.924,905.0,904.0
1631876096.227,906.0,904.0
1631876096.526,905.0,905.0
1631876096.825,907.0,905.0
1631876097.128,906.0,905.0
1631876097.427,907.0,905.0
1631876097.726,905.0,905.0
1631876098.029,907.0,905.0
1631876098.328,906.0,905.0
1631876098.627,906.0,905.0
1631876098.926,905.0,906.0
1631876099.229,905.0,906.0
1631876099.528,906.0,905.0
1631876099.827,907.0,906.0
1631876100.13,905.0,906.0
1631876100.429,904.0,905.0
1631876100.728,905.0,905.0
1631876101.031,906.0,905.0
1631876101.33,904.0,905.0
1631876101.629,906.0,905.0
1631876101.932,908.0,905.0
1631876102.231,905.0,905.0
1631876102.53,905.0,905.0
1631876102.83,907.0,905.0
1631876103.132,905.0,905.0
1631876103.431,905.0,905.0
1631876103.73,905.0,905.0
1631876104.033,907.0,905.0
1631876104.333,907.0,905.0
1631876104.631,907.0,906.0
1631876104.934,909.0,906.0
1631876105.234,907.0,906.0
1631876105.533,906.0,906.0
1631876105.836,905.0,906.0
1631876106.135,907.0,906.0
1631876106.434,905.0,906.0
1631876106.733,904.0,906.0
1631876107.036,906.0,906.0
1631876107.335,906.0,906.0
1631876107.634,906.0,906.0
1631876107.937,905.0,906.0
1631876108.236,906.0,905.0
1631876108.535,909.0,905.0
1631876108.838,907.0,905.0
1631876109.137,906.0,906.0
1631876109.436,906.0,906.0
1631876109.739,906.0,906.0
1631876110.038,905.0,906.0
1631876110.337,906.0,906.0
1631876110.636,907.0,906.0
1631876110.939,907.0,906.0
1631876111.238,906.0,906.0
1631876111.537,906.0,906.0
1631876111.84,908.0,906.0
1631876112.139,906.0,906.0
1631876112.438,906.0,906.0
1631876112.741,906.0,906.0
1631876113.04,905.0,906.0
1631876113.339,906.0,906.0
1631876113.642,906.0,906.0
1631876113.941,905.0,906.0
1631876114.24,906.0,906.0
1631876114.543,906.0,906.0
1631876114.842,905.0,906.0
1631876115.141,905.0,905.0
1631876115.441,908.0,905.0
1631876115.743,906.0,905.0
1631876116.043,904.0,905.0
1631876116.342,905.0,905.0
1631876116.644,905.0,905.0
1631876116.944,906.0,905.0
1631876117.243,906.0,905.0
1631876117.546,906.0,905.0
1631876117.844,906.0,905.0
1631876118.143,905.0,905.0
1631876118.447,905.0,905.0
1631876118.746,904.0,905.0
1631876119.045,905.0,905.0
1631876119.344,905.0,905.0
1631876119.647,905.0,905.0
1631876119.946,905.0,905.0
1631876120.245,905.0,905.0
1631876120.548,907.0,905.0
1631876120.847,905.0,905.0
1631876121.146,905.0,905.0
1631876121.449,905.0,905.0
1631876121.748,905.0,905.0
1631876122.047,905.0,905.0
1631876122.35,905.0,905.0
1631876122.649,906.0,905.0
1631876122.948,909.0,905.0
1631876123.247,906.0,905.0
1631876123.55,906.0,905.0
1631876123.849,906.0,905.0
1631876124.148,905.0,905.0
1631876124.451,905.0,905.0
1631876124.75,904.0,905.0
1631876125.049,907.0,905.0
1631876125.352,906.0,905.0
1631876125.651,905.0,906.0
1631876125.95,906.0,905.0
1631876126.253,905.0,905.0
1631876126.552,905.0,905.0
1631876126.851,905.0,905.0
1631876127.15,906.0,905.0
1631876127.453,906.0,905.0
1631876127.752,905.0,905.0
1631876128.052,905.0,905.0
1631876128.354,906.0,905.0
1631876128.653,905.0,905.0
1631876128.953,905.0,905.0
1631876129.255,907.0,905.0
1631876129.555,905.0,905.0
1631876129.854,906.0,905.0
1631876130.157,904.0,905.0
1631876130.456,905.0,905.0
1631876130.755,906.0,905.0
1631876131.054,906.0,905.0
1631876131.357,905.0,905.0
1631876131.656,905.0,905.0
1631876131.955,905.0,905.0
1631876132.258,906.0,905.0
1631876132.557,906.0,905.0
1631876132.856,905.0,905.0
1631876133.159,906.0,905.0
1631876133.458,905.0,905.0
1631876133.757,905.0,905.0
1631876134.06,906.0,905.0
1631876134.359,907.0,905.0
1631876134.658,905.0,905.0
1631876134.957,905.0,905.0
1631876135.26,905.0,905.0
1631876135.559,905.0,905.0
1631876135.858,905.0,905.0
1631876136.161,905.0,905.0
1631876136.46,905.0,905.0
1631876136.759,905.0,905.0
1631876137.062,905.0,905.0
1631876137.361,904.0,905.0
1631876137.66,905.0,904.0
1631876137.963,909.0,904.0
1631876138.262,905.0,905.0
1631876138.561,906.0,905.0
1631876138.86,905.0,905.0
1631876139.163,906.0,905.0
1631876139.462,905.0,905.0
1631876139.761,906.0,905.0
1631876140.064,905.0,905.0
1631876140.363,906.0,905.0
1631876140.663,905.0,905.0
1631876140.965,905.0,905.0
1631876141.264,906.0,905.0
1631876141.564,906.0,905.0
1631876141.867,905.0,905.0
1631876142.166,904.0,905.0
1631876142.465,904.0,905.0
1631876142.764,904.0,905.0
1631876143.067,905.0,905.0
1631876143.366,905.0,905.0
1631876143.665,905.0,904.0
1631876143.968,905.0,904.0
1631876144.267,905.0,904.0
1631876144.566,905.0,904.0
1631876144.869,904.0,904.0
1631876145.168,905.0,904.0
1631876145.467,905.0,904.0
1631876145.77,906.0,904.0
1631876146.069,905.0,905.0
1631876146.368,905.0,905.0
1631876146.667,907.0,905.0
1631876146.97,906.0,905.0
1631876147.269,905.0,905.0
1631876147.568,905.0,905.0
1631876147.871,906.0,905.0
1631876148.17,905.0,905.0
1631876148.469,905.0,905.0
1631876148.772,905.0,905.0
1631876149.071,905.0,905.0
1631876149.37,907.0,905.0
1631876149.673,904.0,905.0
1631876149.972,905.0,905.0
1631876150.271,905.0,905.0
1631876150.57,905.0,905.0
1631876150.873,906.0,905.0
1631876151.172,906.0,905.0
1631876151.471,905.0,905.0
1631876151.774,905.0,905.0
1631876152.074,904.0,905.0
1631876152.372,908.0,905.0
1631876152.675,905.0,905.0
1631876152.974,906.0,905.0
1631876153.274,904.0,905.0
1631876153.576,905.0,905.0
1631876153.876,905.0,905.0
1631876154.175,905.0,905.0
1631876154.474,905.0,905.0
1631876154.776,905.0,905.0
1631876155.075,905.0,905.0
1631876155.375,905.0,905.0
1631876155.678,905.0,905.0
1631876155.977,906.0,905.0
1631876156.276,907.0,905.0
1631876156.579,905.0,905.0
1631876156.878,907.0,905.0
1631876157.177,905.0,905.0
1631876157.48,906.0,905.0
1631876157.779,907.0,905.0
1631876158.078,906.0,905.0
1631876158.377,906.0,905.0
1631876158.68,905.0,906.0
1631876158.979,905.0,906.0
1631876159.278,907.0,905.0
1631876159.581,906.0,905.0
1631876159.88,905.0,906.0
1631876160.179,905.0,905.0
1631876160.482,906.0,905.0
1631876160.781,906.0,905.0
1631876161.08,906.0,905.0
1631876161.383,906.0,905.0
1631876161.682,906.0,905.0
1631876161.981,906.0,905.0
1631876162.28,906.0,905.0
1631876162.583,906.0,905.0
1631876162.882,906.0,905.0
1631876163.181,905.0,905.0
1631876163.484,907.0,905.0
1631876163.783,905.0,906.0
1631876164.082,906.0,905.0
1631876164.385,906.0,905.0
1631876164.684,906.0,905.0
1631876164.983,906.0,905.0
1631876165.286,906.0,905.0
1631876165.585,906.0,905.0
1631876165.885,906.0,905.0
1631876166.184,906.0,905.0
1631876166.487,906.0,906.0
1631876166.785,906.0,905.0
1631876167.084,907.0,906.0
1631876167.388,909.0,906.0
1631876167.687,906.0,906.0
1631876167.986,905.0,906.0
1631876168.289,906.0,906.0
1631876168.588,905.0,906.0
1631876168.887,906.0,906.0
1631876169.19,905.0,906.0
1631876169.489,906.0,906.0
1631876169.788,906.0,906.0
1631876170.087,904.0,906.0
1631876170.39,907.0,905.0
1631876170.689,906.0,905.0
1631876170.988,906.0,905.0
1631876171.291,905.0,905.0
1631876171.59,905.0,905.0
1631876171.889,906.0,905.0
1631876172.192,905.0,905.0
1631876172.491,906.0,905.0
1631876172.79,905.0,905.0
1631876173.093,906.0,905.0
1631876173.392,906.0,905.0
1631876173.691,905.0,905.0
1631876173.99,906.0,905.0
1631876174.293,905.0,905.0
1631876174.592,906.0,905.0
1631876174.891,907.0,905.0
1631876175.194,905.0,905.0
1631876175.493,904.0,905.0
1631876175.792,905.0,905.0
1631876176.095,904.0,905.0
1631876176.394,905.0,905.0
1631876176.693,906.0,905.0
1631876176.996,905.0,905.0
1631876177.295,906.0,905.0
1631876177.594,905.0,905.0
1631876177.897,905.0,905.0
1631876178.197,905.0,905.0
1631876178.496,907.0,905.0
1631876178.795,905.0,905.0
1631876179.098,905.0,905.0
1631876179.397,906.0,905.0
1631876179.696,907.0,905.0
1631876179.999,906.0,905.0
1631876180.298,905.0,905.0
1631876180.597,906.0,905.0
1631876180.9,905.0,905.0
1631876181.199,906.0,905.0
1631876181.498,905.0,905.0
1631876181.801,905.0,905.0
1631876182.1,906.0,905.0
1631876182.399,906.0,905.0
1631876182.698,904.0,905.0
1631876183.001,907.0,905.0
1631876183.3,905.0,905.0
1631876183.599,905.0,905.0
1631876183.902,905.0,905.0
1631876184.201,906.0,905.0
1631876184.5,906.0,905.0
1631876184.803,906.0,905.0
1631876185.102,906.0,905.0
1631876185.401,906.0,905.0
1631876185.704,906.0,905.0
1631876186.003,905.0,905.0
1631876186.302,905.0,905.0
1631876186.601,905.0,905.0
1631876186.904,907.0,905.0
1631876187.203,906.0,905.0
1631876187.502,906.0,905.0
1631876187.805,906.0,905.0
1631876188.104,905.0,905.0
1631876188.404,905.0,905.0
1631876188.706,905.0,905.0
1631876189.005,905.0,905.0
1631876189.304,905.0,905.0
1631876189.607,905.0,905.0
1631876189.906,905.0,905.0
1631876190.205,906.0,905.0
1631876190.505,906.0,905.0
1631876190.807,905.0,905.0
1631876191.106,906.0,905.0
1631876191.406,904.0,905.0
1631876191.709,906.0,905.0
1631876192.008,905.0,905.0
1631876192.306,905.0,905.0
1631876192.609,905.0,905.0
1631876192.909,907.0,905.0
1631876193.208,906.0,905.0
1631876193.511,906.0,905.0
1631876193.81,904.0,905.0
1631876194.109,905.0,905.0
1631876194.408,905.0,905.0
1631876194.711,906.0,905.0
1631876195.01,906.0,905.0
1631876195.309,905.0,905.0
1631876195.612,906.0,905.0
1631876195.911,905.0,905.0
1631876196.21,904.0,905.0
1631876196.513,904.0,905.0
1631876196.812,905.0,905.0
1631876197.111,905.0,905.0
1631876197.414,905.0,905.0
1631876197.713,905.0,905.0
1631876198.012,905.0,905.0
1631876198.311,906.0,904.0
1631876198.614,905.0,905.0
1631876198.913,905.0,904.0
1631876199.212,909.0,904.0
1631876199.515,906.0,905.0
1631876199.814,905.0,905.0
1631876200.113,906.0,905.0
1631876200.416,905.0,905.0
1631876200.715,905.0,905.0
1631876201.014,904.0,905.0
1631876201.317,906.0,905.0
1631876201.616,905.0,905.0
1631876201.915,905.0,905.0
1631876202.214,905.0,905.0
1631876202.517,905.0,905.0
1631876202.817,905.0,905.0
1631876203.116,904.0,905.0
1631876203.418,905.0,904.0
1631876203.718,905.0,904.0
1631876204.017,904.0,904.0
1631876204.32,905.0,904.0
1631876204.619,905.0,904.0
1631876204.918,905.0,904.0
1631876205.221,905.0,904.0
1631876205.52,901.0,904.0
1631876205.819,904.0,904.0
1631876206.118,906.0,904.0
1631876206.421,905.0,904.0
1631876206.72,904.0,904.0
1631876207.019,905.0,904.0
1631876207.322,907.0,904.0
1631876207.621,905.0,904.0
1631876207.92,907.0,904.0
1631876208.223,906.0,904.0
1631876208.522,906.0,905.0
1631876208.821,906.0,905.0
1631876209.124,905.0,905.0
1631876209.423,905.0,905.0
1631876209.722,904.0,905.0
1631876210.021,909.0,905.0
1631876210.324,905.0,906.0
1631876210.623,909.0,905.0
1631876210.922,905.0,906.0
1631876211.225,906.0,906.0
1631876211.524,906.0,906.0
1631876211.823,906.0,906.0
1631876212.126,906.0,906.0
1631876212.425,906.0,906.0
1631876212.724,905.0,906.0
1631876213.027,905.0,906.0
1631876213.326,906.0,905.0
1631876213.625,905.0,906.0
1631876213.924,906.0,905.0
1631876214.227,906.0,905.0
1631876214.526,906.0,905.0
1631876214.826,905.0,905.0
1631876215.128,905.0,905.0
1631876215.428,905.0,905.0
1631876215.727,905.0,905.0
1631876216.029,904.0,905.0
1631876216.329,905.0,905.0
1631876216.628,906.0,905.0
1631876216.931,905.0,905.0
1631876217.23,905.0,905.0
1631876217.529,905.0,905.0
1631876217.828,905.0,905.0
1631876218.131,904.0,905.0
1631876218.43,905.0,904.0
1631876218.729,906.0,904.0
1631876219.032,904.0,905.0
1631876219.331,905.0,905.0
1631876219.63,905.0,905.0
1631876219.933,906.0,904.0
1631876220.232,905.0,905.0
1631876220.531,905.0,905.0
1631876220.834,905.0,905.0
1631876221.133,905.0,905.0
1631876221.432,905.0,905.0
1631876221.731,906.0,905.0
1631876222.034,906.0,905.0
1631876222.333,905.0,905.0
1631876222.632,905.0,905.0
1631876222.935,906.0,905.0
1631876223.234,905.0,905.0
1631876223.533,904.0,905.0
1631876223.836,905.0,905.0
1631876224.135,907.0,905.0
1631876224.434,905.0,905.0
1631876224.737,905.0,905.0
1631876225.036,904.0,905.0
1631876225.335,905.0,905.0
1631876225.634,905.0,905.0
1631876225.937,904.0,905.0
1631876226.236,904.0,904.0
1631876226.536,905.0,904.0
1631876226.838,905.0,904.0
1631876227.137,904.0,904.0
1631876227.437,906.0,904.0
1631876227.739,905.0,904.0
1631876228.038,905.0,904.0
1631876228.338,904.0,904.0
1631876228.64,905.0,904.0
1631876228.94,905.0,904.0
1631876229.239,905.0,904.0
1631876229.538,904.0,904.0
1631876229.841,903.0,904.0
1631876230.14,904.0,904.0
1631876230.439,904.0,904.0
1631876230.742,904.0,904.0
1631876231.041,905.0,904.0
1631876231.34,905.0,904.0
1631876231.643,905.0,904.0
1631876231.942,905.0,904.0
1631876232.241,905.0,904.0
1631876232.544,905.0,904.0
1631876232.843,904.0,904.0
1631876233.142,904.0,904.0
1631876233.441,904.0,904.0
1631876233.744,905.0,904.0
1631876234.043,904.0,904.0
1631876234.342,905.0,904.0
1631876234.645,905.0,904.0
1631876234.944,905.0,904.0
1631876235.243,905.0,904.0
1631876235.546,905.0,904.0
1631876235.845,904.0,904.0
1631876236.144,905.0,904.0
1631876236.447,905.0,904.0
1631876236.746,905.0,904.0
1631876237.045,908.0,904.0
1631876237.348,904.0,905.0
1631876237.647,905.0,905.0
1631876237.946,905.0,905.0
1631876238.246,905.0,905.0
1631876238.548,904.0,905.0
1631876238.847,905.0,905.0
1631876239.147,905.0,905.0
1631876239.449,903.0,905.0
1631876239.748,904.0,904.0
1631876240.048,904.0,904.0
1631876240.35,905.0,904.0
1631876240.65,904.0,904.0
1631876240.949,904.0,904.0
1631876241.252,902.0,904.0
1631876241.551,905.0,904.0
1631876241.85,904.0,904.0
1631876242.149,905.0,904.0
1631876242.452,905.0,904.0
1631876242.751,904.0,904.0
1631876243.05,905.0,904.0
1631876243.353,904.0,904.0
1631876243.652,904.0,904.0
1631876243.951,903.0,904.0
1631876244.254,902.0,904.0
1631876244.553,904.0,904.0
1631876244.852,904.0,904.0
1631876245.155,904.0,904.0
1631876245.454,906.0,903.0
1631876245.753,905.0,904.0
1631876246.052,905.0,904.0
1631876246.355,905.0,904.0
1631876246.654,905.0,904.0
1631876246.953,907.0,904.0
1631876247.256,905.0,904.0
1631876247.555,905.0,905.0
1631876247.854,905.0,905.0
1631876248.157,905.0,905.0
1631876248.456,906.0,905.0
1631876248.755,906.0,905.0
1631876249.058,903.0,905.0
1631876249.357,904.0,905.0
1631876249.656,904.0,905.0
1631876249.955,904.0,905.0
1631876250.258,904.0,904.0
1631876250.557,904.0,904.0
1631876250.856,904.0,904.0
1631876251.159,904.0,904.0
1631876251.458,905.0,904.0
1631876251.757,905.0,904.0
1631876252.06,904.0,904.0
1631876252.359,904.0,904.0
1631876252.658,907.0,904.0
1631876252.961,904.0,904.0
1631876253.261,904.0,904.0
1631876253.56,905.0,904.0
1631876253.859,905.0,904.0
1631876254.162,905.0,904.0
1631876254.461,905.0,904.0
1631876254.76,903.0,904.0
1631876255.063,907.0,904.0
1631876255.362,905.0,904.0
1631876255.661,905.0,905.0
1631876255.964,905.0,904.0
1631876256.263,904.0,904.0
1631876256.562,905.0,904.0
1631876256.865,905.0,904.0
1631876257.164,905.0,904.0
1631876257.463,905.0,904.0
1631876257.762,905.0,904.0
1631876258.065,905.0,905.0
1631876258.364,906.0,904.0
1631876258.663,908.0,905.0
1631876258.966,905.0,905.0
1631876259.265,905.0,905.0
1631876259.564,905.0,905.0
1631876259.867,905.0,905.0
1631876260.166,905.0,905.0
1631876260.465,904.0,905.0
1631876260.768,905.0,905.0
1631876261.067,904.0,905.0
1631876261.366,905.0,905.0
1631876261.665,905.0,905.0
1631876261.968,904.0,904.0
1631876262.267,905.0,904.0
1631876262.566,905.0,904.0
1631876262.869,904.0,904.0
1631876263.168,906.0,904.0
1631876263.467,905.0,904.0
1631876263.77,905.0,904.0
1631876264.069,903.0,904.0
1631876264.368,905.0,904.0
1631876264.671,905.0,904.0
1631876264.97,904.0,904.0
1631876265.269,904.0,904.0
1631876265.569,907.0,904.0
1631876265.872,904.0,904.0
1631876266.171,906.0,904.0
1631876266.47,905.0,904.0
1631876266.773,903.0,904.0
1631876267.072,905.0,904.0
1631876267.371,904.0,904.0
1631876267.674,905.0,904.0
1631876267.973,905.0,904.0
1631876268.272,906.0,904.0
1631876268.575,906.0,905.0
1631876268.874,905.0,904.0
1631876269.173,904.0,905.0
1631876269.472,905.0,904.0
1631876269.775,905.0,904.0
1631876270.074,904.0,905.0
1631876270.373,905.0,904.0
1631876270.676,905.0,905.0
1631876270.975,904.0,905.0
1631876271.274,907.0,904.0
1631876271.577,905.0,905.0
1631876271.876,905.0,904.0
1631876272.175,907.0,904.0
1631876272.478,904.0,905.0
1631876272.777,904.0,905.0
1631876273.076,903.0,905.0
1631876273.375,904.0,904.0
1631876273.678,906.0,904.0
1631876273.977,904.0,904.0
1631876274.276,905.0,904.0
1631876274.579,904.0,904.0
1631876274.878,904.0,904.0
1631876275.177,905.0,904.0
1631876275.48,905.0,904.0
1631876275.779,904.0,904.0
1631876276.078,904.0,904.0
1631876276.381,907.0,904.0
1631876276.68,905.0,904.0
1631876276.979,905.0,904.0
1631876277.279,905.0,904.0
1631876277.581,905.0,904.0
1631876277.881,903.0,904.0
1631876278.18,904.0,904.0
1631876278.483,904.0,904.0
1631876278.782,905.0,904.0
1631876279.081,904.0,904.0
1631876279.384,903.0,904.0
1631876279.683,904.0,904.0
1631876279.982,904.0,904.0
1631876280.285,905.0,904.0
1631876280.584,903.0,904.0
1631876280.883,906.0,903.0
1631876281.182,905.0,904.0
1631876281.485,905.0,904.0
1631876281.784,904.0,904.0
1631876282.083,904.0,904.0
1631876282.386,904.0,904.0
1631876282.685,905.0,904.0
1631876282.984,904.0,904.0
1631876283.287,907.0,904.0
1631876283.586,903.0,904.0
1631876283.885,904.0,904.0
1631876284.188,905.0,904.0
1631876284.487,903.0,904.0
1631876284.786,904.0,904.0
1631876285.089,904.0,904.0
1631876285.388,907.0,904.0
1631876285.687,904.0,904.0
1631876285.986,904.0,904.0
1631876286.289,903.0,904.0
1631876286.588,904.0,904.0
1631876286.887,905.0,904.0
1631876287.19,904.0,904.0
1631876287.489,904.0,904.0
1631876287.788,904.0,904.0
1631876288.091,904.0,904.0
1631876288.39,904.0,904.0
1631876288.689,906.0,904.0
1631876288.992,904.0,904.0
1631876289.291,904.0,904.0
1631876289.59,903.0,904.0
1631876289.89,904.0,904.0
1631876290.192,904.0,904.0
1631876290.491,904.0,904.0
1631876290.79,904.0,904.0
1631876291.094,902.0,904.0
1631876291.393,904.0,903.0
1631876291.691,904.0,903.0
1631876291.994,904.0,903.0
1631876292.294,904.0,903.0
1631876292.593,905.0,903.0
1631876292.896,905.0,903.0
1631876293.195,905.0,904.0
1631876293.494,905.0,904.0
1631876293.793,904.0,904.0
1631876294.096,904.0,904.0
1631876294.395,904.0,904.0
1631876294.694,904.0,904.0
1631876294.997,904.0,904.0
1631876295.296,904.0,904.0
1631876295.595,904.0,904.0
1631876295.898,904.0,904.0
1631876296.197,905.0,904.0
1631876296.496,904.0,904.0
1631876296.799,905.0,904.0
1631876297.098,904.0,904.0
1631876297.397,904.0,904.0
1631876297.696,904.0,904.0
1631876297.999,904.0,904.0
1631876298.298,905.0,904.0
1631876298.597,905.0,904.0
1631876298.9,905.0,904.0
1631876299.199,905.0,904.0
1631876299.498,905.0,904.0
1631876299.801,904.0,904.0
1631876300.1,906.0,904.0
1631876300.399,904.0,904.0
1631876300.702,906.0,904.0
1631876301.001,907.0,904.0
1631876301.3,904.0,905.0
1631876301.599,905.0,905.0
1631876301.902,903.0,905.0
1631876302.202,904.0,904.0
1631876302.501,904.0,904.0
1631876302.803,904.0,904.0
1631876303.103,904.0,904.0
1631876303.402,903.0,904.0
1631876303.705,904.0,904.0
1631876304.004,905.0,904.0
1631876304.303,904.0,904.0
1631876304.606,904.0,904.0
1631876304.905,904.0,903.0
1631876305.204,904.0,904.0
1631876305.503,904.0,904.0
1631876305.806,904.0,904.0
1631876306.105,904.0,904.0
1631876306.404,905.0,904.0
1631876306.707,905.0,904.0
1631876307.006,904.0,904.0
1631876307.305,904.0,904.0
1631876307.608,904.0,904.0
1631876307.907,904.0,904.0
1631876308.206,904.0,904.0
1631876308.509,904.0,904.0
1631876308.808,906.0,904.0
1631876309.107,905.0,904.0
1631876309.406,904.0,904.0
1631876309.709,905.0,904.0
1631876310.008,904.0,904.0
1631876310.307,904.0,904.0
1631876310.61,904.0,904.0
1631876310.909,907.0,904.0
1631876311.208,907.0,904.0
1631876311.511,905.0,905.0
1631876311.81,904.0,905.0
1631876312.109,904.0,904.0
1631876312.412,904.0,904.0
1631876312.711,904.0,904.0
1631876313.01,903.0,904.0
1631876313.309,904.0,904.0
1631876313.612,904.0,904.0
1631876313.911,904.0,904.0
1631876314.211,904.0,904.0
1631876314.513,903.0,904.0
1631876314.813,903.0,903.0
1631876315.112,904.0,903.0
1631876315.414,905.0,903.0
1631876315.714,905.0,903.0
1631876316.013,903.0,903.0
1631876316.316,904.0,903.0
1631876316.615,904.0,903.0
1631876316.914,906.0,903.0
1631876317.213,902.0,904.0
1631876317.516,903.0,903.0
1631876317.815,904.0,903.0
1631876318.114,904.0,904.0
1631876318.417,903.0,904.0
1631876318.716,904.0,903.0
1631876319.015,903.0,903.0
1631876319.318,903.0,903.0
1631876319.617,904.0,903.0
1631876319.916,904.0,903.0
1631876320.219,903.0,903.0
1631876320.518,903.0,903.0
1631876320.817,903.0,903.0
1631876321.116,904.0,903.0
1631876321.419,903.0,903.0
1631876321.718,904.0,903.0
1631876322.017,904.0,903.0
1631876322.32,902.0,903.0
1631876322.619,903.0,903.0
1631876322.918,904.0,903.0
1631876323.221,904.0,903.0
1631876323.52,904.0,903.0
1631876323.819,904.0,903.0
1631876324.122,903.0,903.0
1631876324.421,904.0,903.0
1631876324.72,904.0,903.0
1631876325.019,904.0,903.0
1631876325.322,903.0,903.0
1631876325.621,904.0,903.0
1631876325.92,904.0,903.0
1631876326.223,904.0,903.0
1631876326.522,904.0,903.0
1631876326.821,903.0,903.0
1631876327.124,903.0,903.0
1631876327.424,904.0,903.0
1631876327.723,904.0,903.0
1631876328.026,904.0,903.0
1631876328.325,904.0,903.0
1631876328.624,907.0,903.0
1631876328.923,904.0,904.0
1631876329.226,902.0,904.0
1631876329.525,904.0,903.0
1631876329.824,904.0,903.0
1631876330.127,904.0,904.0
1631876330.426,903.0,904.0
1631876330.725,904.0,904.0
1631876331.028,904.0,904.0
1631876331.327,904.0,904.0
1631876331.626,903.0,904.0
1631876331.929,904.0,903.0
1631876332.228,902.0,903.0
1631876332.527,903.0,903.0
1631876332.83,903.0,903.0
1631876333.129,906.0,903.0
1631876333.428,903.0,903.0
1631876333.727,902.0,903.0
1631876334.03,903.0,903.0
1631876334.329,903.0,903.0
1631876334.628,903.0,903.0
1631876334.931,904.0,903.0
1631876335.23,904.0,903.0
1631876335.529,904.0,903.0
1631876335.832,903.0,903.0
1631876336.131,903.0,903.0
1631876336.43,903.0,903.0
1631876336.733,904.0,903.0
1631876337.032,904.0,903.0
1631876337.331,903.0,903.0
1631876337.63,903.0,903.0
1631876337.933,903.0,903.0
1631876338.233,903.0,903.0
1631876338.532,905.0,903.0
1631876338.834,903.0,903.0
1631876339.133,906.0,903.0
1631876339.432,904.0,903.0
1631876339.735,904.0,903.0
1631876340.035,905.0,903.0
1631876340.334,903.0,903.0
1631876340.637,904.0,903.0
1631876340.935,904.0,904.0
1631876341.234,903.0,904.0
1631876341.534,904.0,904.0
1631876341.837,904.0,904.0
1631876342.136,903.0,904.0
1631876342.435,904.0,903.0
1631876342.738,903.0,903.0
1631876343.037,902.0,903.0
1631876343.336,903.0,903.0
1631876343.639,904.0,903.0
1631876343.938,903.0,903.0
1631876344.237,904.0,903.0
1631876344.54,904.0,903.0
1631876344.839,902.0,903.0
1631876345.138,904.0,903.0
1631876345.437,903.0,903.0
1631876345.74,903.0,903.0
1631876346.039,904.0,903.0
1631876346.338,907.0,903.0
1631876346.641,902.0,903.0
1631876346.94,904.0,903.0
1631876347.239,903.0,903.0
1631876347.542,904.0,903.0
1631876347.841,903.0,903.0
1631876348.14,906.0,903.0
1631876348.443,903.0,903.0
1631876348.742,903.0,903.0
1631876349.041,905.0,903.0
1631876349.34,904.0,904.0
1631876349.643,903.0,903.0
1631876349.942,904.0,903.0
1631876350.241,902.0,903.0
1631876350.544,903.0,903.0
1631876350.843,905.0,903.0
1631876351.143,905.0,903.0
1631876351.445,904.0,903.0
1631876351.744,905.0,903.0
1631876352.044,903.0,904.0
1631876352.346,904.0,903.0
1631876352.646,904.0,903.0
1631876352.945,902.0,903.0
1631876353.244,904.0,903.0
1631876353.547,904.0,903.0
1631876353.846,904.0,904.0
1631876354.145,902.0,903.0
1631876354.448,903.0,903.0
1631876354.747,904.0,903.0
1631876355.046,903.0,903.0
1631876355.349,902.0,903.0
1631876355.648,902.0,903.0
1631876355.947,903.0,903.0
1631876356.25,903.0,903.0
1631876356.549,903.0,903.0
1631876356.848,904.0,902.0
1631876357.147,902.0,902.0
1631876357.45,903.0,902.0
1631876357.749,904.0,902.0
1631876358.048,903.0,902.0
1631876358.351,903.0,902.0
1631876358.65,903.0,903.0
1631876358.949,903.0,903.0
1631876359.252,903.0,903.0
1631876359.551,903.0,903.0
1631876359.85,903.0,903.0
1631876360.153,904.0,903.0
1631876360.452,903.0,903.0
1631876360.751,904.0,903.0
1631876361.05,903.0,903.0
1631876361.353,903.0,903.0
1631876361.652,903.0,903.0
1631876361.951,903.0,903.0
1631876362.254,903.0,903.0
1631876362.553,902.0,903.0
1631876362.852,903.0,903.0
1631876363.155,902.0,903.0
1631876363.454,904.0,902.0
1631876363.754,902.0,903.0
1631876364.056,902.0,902.0
1631876364.355,903.0,902.0
1631876364.655,903.0,902.0
1631876364.954,903.0,902.0
1631876365.257,903.0,902.0
1631876365.556,904.0,902.0
1631876365.855,902.0,902.0
1631876366.158,903.0,902.0
1631876366.457,903.0,902.0
1631876366.756,906.0,902.0
1631876367.059,903.0,903.0
1631876367.358,904.0,903.0
1631876367.657,903.0,903.0
1631876367.96,904.0,903.0
1631876368.259,903.0,903.0
1631876368.558,904.0,903.0
1631876368.857,903.0,903.0
1631876369.16,903.0,903.0
1631876369.459,904.0,903.0
1631876369.758,903.0,903.0
1631876370.061,903.0,903.0
1631876370.36,906.0,903.0
1631876370.659,903.0,903.0
1631876370.962,903.0,903.0
1631876371.261,902.0,903.0
1631876371.56,904.0,903.0
1631876371.863,903.0,903.0
1631876372.162,901.0,903.0
1631876372.461,904.0,903.0
1631876372.76,903.0,903.0
1631876373.063,903.0,903.0
1631876373.362,905.0,903.0
1631876373.661,903.0,903.0
1631876373.964,904.0,903.0
1631876374.263,903.0,903.0
1631876374.562,903.0,903.0
1631876374.865,902.0,903.0
1631876375.164,904.0,903.0
1631876375.463,905.0,903.0
1631876375.766,907.0,903.0
1631876376.065,904.0,903.0
1631876376.364,903.0,904.0
1631876376.664,907.0,903.0
1631876376.967,904.0,904.0
1631876377.266,903.0,904.0
1631876377.565,903.0,904.0
1631876377.868,903.0,904.0
1631876378.167,903.0,904.0
1631876378.466,903.0,904.0
1631876378.769,902.0,904.0
1631876379.068,903.0,903.0
1631876379.367,905.0,903.0
1631876379.67,904.0,903.0
1631876379.969,903.0,903.0
1631876380.268,905.0,903.0
1631876380.567,903.0,903.0
1631876380.87,904.0,903.0
1631876381.169,903.0,903.0
1631876381.468,903.0,903.0
1631876381.771,904.0,903.0
1631876382.07,904.0,903.0
1631876382.369,904.0,903.0
1631876382.672,903.0,903.0
1631876382.971,906.0,903.0
1631876383.27,904.0,903.0
1631876383.573,903.0,903.0
1631876383.872,904.0,903.0
1631876384.171,904.0,903.0
1631876384.47,903.0,903.0
1631876384.773,905.0,903.0
1631876385.072,903.0,904.0
1631876385.371,904.0,903.0
1631876385.674,903.0,903.0
1631876385.973,903.0,903.0
1631876386.272,905.0,903.0
1631876386.575,904.0,903.0
1631876386.874,904.0,903.0
1631876387.173,904.0,903.0
1631876387.476,903.0,903.0
1631876387.775,904.0,903.0
1631876388.074,903.0,903.0
1631876388.374,904.0,903.0
1631876388.676,903.0,903.0
1631876388.976,905.0,903.0
1631876389.275,903.0,903.0
1631876389.577,903.0,903.0
1631876389.877,905.0,903.0
1631876390.176,904.0,903.0
1631876390.479,903.0,903.0
1631876390.778,906.0,903.0
1631876391.077,903.0,903.0
1631876391.38,904.0,903.0
1631876391.679,904.0,903.0
1631876391.978,904.0,904.0
1631876392.281,903.0,903.0
1631876392.58,903.0,903.0
1631876392.879,906.0,903.0
1631876393.178,903.0,904.0
1631876393.481,904.0,903.0
1631876393.78,904.0,904.0
1631876394.079,905.0,903.0
1631876394.382,903.0,904.0
1631876394.681,903.0,903.0
1631876394.98,904.0,903.0
1631876395.283,903.0,903.0
1631876395.582,903.0,903.0
1631876395.881,903.0,903.0
1631876396.184,904.0,903.0
1631876396.483,904.0,903.0
1631876396.782,904.0,903.0
1631876397.081,903.0,903.0
1631876397.384,903.0,903.0
1631876397.683,904.0,903.0
1631876397.982,907.0,903.0
1631876398.285,904.0,903.0
1631876398.584,903.0,903.0
1631876398.883,905.0,903.0
1631876399.186,904.0,904.0
1631876399.485,903.0,904.0
1631876399.784,903.0,904.0
1631876400.087,903.0,903.0
1631876400.386,904.0,903.0
1631876400.685,903.0,904.0
1631876400.985,904.0,903.0
1631876401.287,904.0,903.0
1631876401.587,904.0,903.0
1631876401.886,904.0,903.0
1631876402.189,904.0,903.0
1631876402.488,904.0,903.0
1631876402.787,904.0,903.0
1631876403.09,903.0,903.0
1631876403.389,903.0,903.0
1631876403.688,903.0,903.0
1631876403.991,904.0,903.0
1631876404.29,905.0,903.0
1631876404.589,904.0,903.0
1631876404.888,903.0,903.0
1631876405.191,904.0,903.0
1631876405.49,905.0,903.0
1631876405.789,903.0,903.0
1631876406.092,904.0,903.0
1631876406.391,903.0,903.0
1631876406.69,903.0,903.0
1631876406.993,904.0,903.0
1631876407.292,903.0,903.0
1631876407.591,903.0,903.0
1631876407.894,904.0,903.0
1631876408.193,904.0,903.0
1631876408.492,903.0,903.0
1631876408.791,905.0,903.0
1631876409.094,904.0,903.0
1631876409.393,903.0,903.0
1631876409.692,903.0,903.0
1631876409.995,904.0,903.0
1631876410.294,903.0,903.0
1631876410.593,904.0,903.0
1631876410.896,904.0,903.0
1631876411.195,904.0,903.0
1631876411.494,904.0,903.0
1631876411.797,904.0,903.0
1631876412.096,905.0,903.0
1631876412.395,904.0,903.0
1631876412.694,904.0,903.0
1631876412.997,903.0,904.0
1631876413.297,904.0,903.0
1631876413.596,903.0,904.0
1631876413.898,904.0,903.0
1631876414.198,904.0,903.0
1631876414.497,904.0,903.0
1631876414.799,904.0,903.0
1631876415.099,904.0,903.0
1631876415.398,904.0,903.0
1631876415.701,904.0,903.0
1631876416.0,903.0,903.0
1631876416.299,903.0,903.0
1631876416.598,903.0,903.0
1631876416.901,904.0,903.0
1631876417.2,903.0,903.0
1631876417.499,905.0,903.0
1631876417.802,902.0,903.0
1631876418.101,903.0,903.0
1631876418.4,904.0,903.0
1631876418.703,903.0,903.0
1631876419.002,903.0,903.0
1631876419.301,904.0,903.0
1631876419.604,904.0,903.0
1631876419.903,903.0,903.0
1631876420.202,905.0,903.0
1631876420.501,903.0,903.0
1631876420.804,904.0,903.0
1631876421.103,905.0,903.0
1631876421.402,904.0,903.0
1631876421.705,903.0,903.0
1631876422.004,903.0,903.0
1631876422.303,904.0,903.0
1631876422.606,903.0,903.0
1631876422.905,904.0,903.0
1631876423.204,903.0,903.0
1631876423.507,904.0,903.0
1631876423.806,903.0,903.0
1631876424.105,902.0,903.0
1631876424.404,904.0,903.0
1631876424.707,904.0,903.0
1631876425.006,904.0,903.0
1631876425.306,906.0,903.0
1631876425.608,904.0,903.0
1631876425.908,904.0,903.0
1631876426.207,904.0,903.0
1631876426.509,904.0,903.0
1631876426.809,904.0,903.0
1631876427.108,904.0,904.0
1631876427.411,904.0,904.0
1631876427.71,904.0,904.0
1631876428.009,904.0,904.0
1631876428.308,903.0,904.0
1631876428.611,904.0,903.0
1631876428.91,904.0,903.0
1631876429.209,903.0,903.0
1631876429.512,903.0,903.0
1631876429.811,904.0,903.0
1631876430.11,905.0,903.0
1631876430.413,904.0,903.0
1631876430.712,904.0,903.0
1631876431.011,903.0,903.0
1631876431.314,905.0,903.0
1631876431.613,904.0,903.0
1631876431.912,904.0,903.0
1631876432.211,903.0,903.0
1631876432.514,904.0,903.0
1631876432.813,904.0,904.0
1631876433.112,904.0,904.0
1631876433.415,903.0,903.0
1631876433.714,903.0,903.0
1631876434.013,904.0,903.0
1631876434.316,904.0,903.0
1631876434.615,904.0,903.0
1631876434.914,906.0,903.0
1631876435.217,903.0,903.0
1631876435.516,904.0,903.0
1631876435.815,904.0,903.0
1631876436.114,904.0,903.0
1631876436.417,907.0,903.0
1631876436.716,904.0,904.0
1631876437.016,904.0,904.0
1631876437.318,905.0,904.0
1631876437.617,905.0,904.0
1631876437.917,905.0,904.0
1631876438.219,904.0,904.0
1631876438.518,907.0,904.0
1631876438.818,905.0,904.0
1631876439.121,907.0,905.0
1631876439.42,905.0,905.0
1631876439.719,902.0,905.0
1631876440.018,904.0,904.0
1631876440.321,904.0,904.0
1631876440.62,904.0,904.0
1631876440.919,904.0,904.0
1631876441.222,903.0,904.0
1631876441.521,904.0,904.0
1631876441.82,903.0,904.0
1631876442.123,903.0,904.0
1631876442.422,904.0,903.0
1631876442.721,904.0,903.0
1631876443.024,905.0,903.0
1631876443.323,903.0,903.0
1631876443.622,903.0,903.0
1631876443.921,903.0,903.0
1631876444.224,904.0,903.0
1631876444.523,903.0,903.0
1631876444.822,903.0,903.0
1631876445.125,904.0,903.0
1631876445.424,903.0,903.0
1631876445.723,904.0,903.0
1631876446.026,907.0,903.0
1631876446.325,903.0,903.0
1631876446.624,907.0,903.0
1631876446.927,904.0,904.0
1631876447.226,903.0,904.0
1631876447.525,903.0,904.0
1631876447.828,903.0,904.0
1631876448.127,904.0,904.0
1631876448.426,903.0,904.0
1631876448.725,903.0,904.0
1631876449.028,905.0,904.0
1631876449.327,904.0,903.0
1631876449.626,904.0,903.0
1631876449.929,904.0,903.0
1631876450.228,904.0,903.0
1631876450.527,904.0,903.0
1631876450.83,904.0,903.0
1631876451.129,905.0,903.0
1631876451.429,903.0,904.0
1631876451.731,903.0,904.0
1631876452.031,904.0,904.0
1631876452.33,904.0,903.0
1631876452.629,904.0,903.0
1631876452.931,905.0,903.0
1631876453.231,903.0,904.0
1631876453.53,903.0,903.0
1631876453.833,905.0,903.0
1631876454.132,903.0,903.0
1631876454.431,903.0,903.0
1631876454.734,904.0,903.0
1631876455.033,903.0,903.0
1631876455.332,903.0,903.0
1631876455.635,904.0,903.0
1631876455.934,904.0,903.0
1631876456.233,904.0,903.0
1631876456.532,904.0,903.0
1631876456.835,904.0,903.0
1631876457.134,904.0,903.0
1631876457.433,903.0,903.0
1631876457.736,907.0,903.0
1631876458.035,903.0,904.0
1631876458.334,905.0,904.0
1631876458.637,903.0,904.0
1631876458.936,903.0,904.0
1631876459.235,904.0,904.0
1631876459.538,904.0,904.0
1631876459.837,903.0,904.0
1631876460.136,903.0,903.0
1631876460.435,903.0,903.0
1631876460.738,903.0,903.0
1631876461.037,903.0,903.0
1631876461.336,904.0,903.0
1631876461.639,902.0,903.0
1631876461.938,903.0,903.0
1631876462.238,903.0,903.0
1631876462.54,904.0,903.0
1631876462.839,905.0,903.0
1631876463.139,902.0,903.0
1631876463.441,903.0,903.0
1631876463.741,904.0,903.0
1631876464.039,904.0,903.0
1631876464.338,905.0,903.0
1631876464.642,904.0,903.0
1631876464.941,904.0,903.0
1631876465.24,903.0,903.0
1631876465.543,904.0,903.0
1631876465.842,905.0,903.0
1631876466.141,904.0,903.0
1631876466.444,903.0,904.0
1631876466.743,903.0,904.0
1631876467.042,903.0,903.0
1631876467.345,903.0,903.0
1631876467.644,903.0,903.0
1631876467.943,903.0,903.0
1631876468.242,902.0,903.0
1631876468.545,903.0,903.0
1631876468.844,903.0,903.0
1631876469.143,903.0,903.0
1631876469.446,904.0,902.0
1631876469.745,903.0,903.0
1631876470.044,904.0,903.0
1631876470.347,903.0,903.0
1631876470.646,903.0,903.0
1631876470.945,904.0,903.0
1631876471.248,903.0,903.0
1631876471.547,906.0,903.0
1631876471.846,903.0,903.0
1631876472.145,903.0,903.0
1631876472.448,905.0,903.0
1631876472.747,903.0,903.0
1631876473.046,903.0,903.0
1631876473.349,903.0,903.0
1631876473.648,904.0,903.0
1631876473.947,904.0,903.0
1631876474.25,902.0,903.0
1631876474.549,906.0,903.0
1631876474.848,903.0,903.0
1631876475.151,903.0,903.0
1631876475.45,903.0,903.0
1631876475.75,903.0,903.0
1631876476.049,905.0,903.0
1631876476.352,903.0,903.0
1631876476.651,903.0,903.0
1631876476.95,903.0,903.0
1631876477.253,903.0,903.0
1631876477.552,903.0,903.0
1631876477.851,904.0,903.0
1631876478.154,903.0,903.0
1631876478.453,903.0,903.0
1631876478.752,903.0,903.0
1631876479.055,901.0,903.0
1631876479.354,904.0,902.0
1631876479.653,905.0,903.0
1631876479.952,903.0,903.0
1631876480.255,904.0,903.0
1631876480.554,904.0,903.0
1631876480.853,903.0,903.0
1631876481.156,903.0,903.0
1631876481.455,904.0,903.0
1631876481.754,903.0,903.0
1631876482.057,904.0,903.0
1631876482.356,903.0,903.0
1631876482.655,903.0,903.0
1631876482.958,903.0,903.0
1631876483.257,903.0,903.0
1631876483.556,904.0,903.0
1631876483.855,902.0,903.0
1631876484.158,904.0,903.0
1631876484.457,903.0,903.0
1631876484.756,903.0,903.0
1631876485.059,904.0,903.0
1631876485.358,904.0,903.0
1631876485.657,902.0,903.0
1631876485.96,903.0,903.0
1631876486.259,903.0,903.0
1631876486.558,903.0,903.0
1631876486.861,903.0,903.0
1631876487.16,903.0,903.0
1631876487.459,903.0,903.0
1631876487.759,903.0,903.0
1631876488.061,903.0,903.0
1631876488.361,903.0,903.0
1631876488.66,904.0,902.0
1631876488.962,903.0,903.0
1631876489.262,904.0,903.0
1631876489.561,905.0,903.0
1631876489.864,902.0,903.0
1631876490.163,903.0,903.0
1631876490.462,904.0,903.0
1631876490.765,903.0,903.0
1631876491.064,903.0,903.0
1631876491.363,904.0,903.0
1631876491.662,903.0,903.0
1631876491.965,904.0,903.0
1631876492.264,903.0,903.0
1631876492.563,904.0,903.0
1631876492.866,904.0,903.0
1631876493.165,902.0,903.0
1631876493.464,903.0,903.0
1631876493.767,904.0,903.0
1631876494.066,903.0,903.0
1631876494.365,903.0,903.0
1631876494.668,904.0,903.0
1631876494.967,904.0,903.0
1631876495.266,904.0,903.0
1631876495.565,904.0,903.0
1631876495.868,904.0,903.0
1631876496.167,903.0,903.0
1631876496.466,903.0,903.0
1631876496.769,903.0,903.0
1631876497.068,903.0,903.0
1631876497.367,906.0,903.0
1631876497.67,903.0,903.0
1631876497.969,903.0,903.0
1631876498.268,903.0,903.0
1631876498.571,903.0,903.0
1631876498.87,906.0,903.0
1631876499.169,904.0,903.0
1631876499.468,904.0,903.0
1631876499.771,903.0,903.0
1631876500.07,903.0,903.0
1631876500.37,904.0,903.0
1631876500.672,903.0,903.0
1631876500.972,906.0,903.0
1631876501.271,903.0,903.0
1631876501.574,903.0,903.0
1631876501.873,904.0,903.0
1631876502.172,903.0,903.0
1631876502.475,904.0,903.0
1631876502.774,903.0,903.0
1631876503.073,904.0,903.0
1631876503.376,903.0,903.0
1631876503.675,907.0,903.0
1631876503.974,904.0,904.0
1631876504.273,904.0,903.0
1631876504.576,902.0,903.0
1631876504.875,905.0,903.0
1631876505.174,903.0,903.0
1631876505.477,903.0,903.0
1631876505.776,904.0,903.0
1631876506.075,903.0,903.0
1631876506.378,903.0,903.0
1631876506.677,904.0,903.0
1631876506.976,903.0,903.0
1631876507.279,903.0,903.0
1631876507.578,904.0,903.0
1631876507.877,903.0,903.0
1631876508.176,904.0,903.0
1631876508.479,903.0,903.0
1631876508.778,904.0,903.0
1631876509.077,905.0,903.0
1631876509.38,905.0,903.0
1631876509.679,903.0,903.0
1631876509.978,902.0,903.0
1631876510.281,904.0,903.0
1631876510.58,904.0,903.0
1631876510.879,905.0,903.0
1631876511.182,902.0,903.0
1631876511.481,903.0,903.0
1631876511.78,904.0,903.0
1631876512.08,903.0,903.0
1631876512.382,904.0,903.0
1631876512.682,904.0,903.0
1631876512.981,903.0,903.0
1631876513.283,903.0,903.0
1631876513.582,903.0,903.0
1631876513.882,904.0,903.0
1631876514.185,903.0,903.0
1631876514.484,905.0,903.0
1631876514.783,904.0,903.0
1631876515.086,903.0,903.0
1631876515.385,903.0,903.0
1631876515.684,903.0,903.0
1631876515.983,904.0,903.0
1631876516.286,903.0,903.0
1631876516.585,905.0,903.0
1631876516.884,904.0,903.0
1631876517.187,904.0,903.0
1631876517.486,903.0,903.0
1631876517.785,906.0,903.0
1631876518.088,903.0,903.0
1631876518.387,904.0,903.0
1631876518.686,904.0,903.0
1631876518.989,903.0,904.0
1631876519.288,903.0,903.0
1631876519.587,906.0,903.0
1631876519.886,904.0,904.0
1631876520.189,903.0,904.0
1631876520.488,904.0,903.0
1631876520.787,904.0,904.0
1631876521.09,903.0,903.0
1631876521.389,904.0,903.0
1631876521.688,903.0,903.0
1631876521.991,905.0,903.0
1631876522.29,903.0,903.0
1631876522.589,904.0,903.0
1631876522.892,903.0,903.0
1631876523.191,905.0,903.0
1631876523.49,904.0,903.0
1631876523.789,903.0,903.0
1631876524.092,904.0,903.0
1631876524.391,903.0,903.0
1631876524.691,903.0,903.0
1631876524.993,902.0,903.0
1631876525.292,903.0,903.0
1631876525.592,903.0,903.0
1631876525.894,903.0,903.0
1631876526.194,904.0,903.0
1631876526.493,903.0,903.0
1631876526.796,904.0,903.0
1631876527.095,903.0,903.0
1631876527.394,902.0,903.0
1631876527.693,903.0,903.0
1631876527.996,902.0,903.0
1631876528.295,903.0,903.0
1631876528.594,904.0,903.0
1631876528.897,904.0,903.0
1631876529.196,905.0,903.0
1631876529.495,903.0,903.0
1631876529.798,903.0,903.0
1631876530.097,904.0,903.0
1631876530.396,903.0,903.0
1631876530.699,904.0,903.0
1631876530.998,903.0,903.0
1631876531.297,903.0,903.0
1631876531.596,903.0,903.0
1631876531.899,903.0,903.0
1631876532.198,904.0,903.0
1631876532.497,905.0,903.0
1631876532.8,903.0,903.0
1631876533.099,903.0,903.0
1631876533.398,903.0,903.0
1631876533.701,903.0,903.0
1631876534.0,904.0,903.0
1631876534.299,903.0,903.0
1631876534.602,905.0,903.0
1631876534.901,903.0,903.0
1631876535.2,905.0,903.0
1631876535.499,904.0,903.0
1631876535.802,904.0,903.0
1631876536.101,904.0,903.0
1631876536.4,903.0,903.0
1631876536.703,904.0,903.0
1631876537.002,904.0,903.0
1631876537.302,902.0,903.0
1631876537.604,904.0,903.0
1631876537.903,904.0,903.0
1631876538.203,902.0,903.0
1631876538.505,904.0,903.0
1631876538.805,904.0,903.0
1631876539.104,903.0,903.0
1631876539.403,904.0,903.0
1631876539.706,904.0,903.0
1631876540.005,904.0,903.0
1631876540.304,905.0,903.0
1631876540.607,905.0,903.0
1631876540.906,905.0,903.0
1631876541.205,903.0,904.0
1631876541.508,902.0,904.0
1631876541.807,904.0,903.0
1631876542.106,906.0,903.0
1631876542.409,904.0,904.0
1631876542.708,903.0,904.0
1631876543.007,903.0,904.0
1631876543.306,905.0,904.0
1631876543.609,907.0,904.0
1631876543.908,904.0,904.0
1631876544.207,904.0,904.0
1631876544.51,904.0,904.0
1631876544.809,905.0,904.0
1631876545.108,903.0,904.0
1631876545.411,903.0,904.0
1631876545.71,903.0,904.0
1631876546.009,903.0,904.0
1631876546.312,904.0,904.0
1631876546.611,903.0,904.0
1631876546.91,904.0,903.0
1631876547.209,903.0,903.0
1631876547.512,903.0,903.0
1631876547.811,904.0,903.0
1631876548.11,904.0,903.0
1631876548.413,903.0,903.0
1631876548.712,905.0,903.0
1631876549.011,903.0,903.0
1631876549.314,905.0,903.0
1631876549.613,905.0,903.0
1631876549.913,904.0,903.0
1631876550.215,904.0,903.0
1631876550.515,902.0,904.0
1631876550.814,904.0,903.0
1631876551.113,904.0,903.0
1631876551.416,905.0,903.0
1631876551.715,903.0,904.0
1631876552.014,904.0,903.0
1631876552.317,904.0,904.0
1631876552.616,904.0,903.0
1631876552.915,904.0,903.0
1631876553.218,903.0,903.0
1631876553.517,904.0,903.0
1631876553.816,904.0,903.0
1631876554.119,903.0,903.0
1631876554.418,903.0,903.0
1631876554.717,903.0,903.0
1631876555.02,903.0,903.0
1631876555.319,904.0,903.0
1631876555.618,904.0,903.0
1631876555.917,902.0,903.0
1631876556.22,903.0,903.0
1631876556.519,903.0,903.0
1631876556.818,903.0,903.0
1631876557.121,903.0,903.0
1631876557.42,903.0,903.0
1631876557.719,903.0,903.0
1631876558.022,903.0,903.0
1631876558.321,903.0,903.0
1631876558.62,903.0,903.0
1631876558.923,903.0,902.0
1631876559.222,904.0,903.0
1631876559.521,904.0,903.0
1631876559.82,903.0,903.0
1631876560.123,904.0,903.0
1631876560.422,902.0,903.0
1631876560.721,905.0,903.0
1631876561.024,903.0,903.0
1631876561.323,904.0,903.0
1631876561.622,904.0,903.0
1631876561.925,903.0,903.0
1631876562.224,902.0,903.0
1631876562.524,903.0,903.0
1631876562.826,904.0,903.0
1631876563.125,904.0,903.0
1631876563.424,902.0,903.0
1631876563.724,903.0,903.0
1631876564.027,903.0,903.0
1631876564.326,903.0,903.0
1631876564.625,902.0,903.0
1631876564.928,902.0,902.0
1631876565.227,904.0,902.0
1631876565.526,904.0,903.0
1631876565.829,903.0,903.0
1631876566.128,903.0,903.0
1631876566.427,902.0,902.0
1631876566.73,903.0,902.0
1631876567.029,903.0,902.0
1631876567.328,903.0,902.0
1631876567.627,903.0,902.0
1631876567.93,903.0,903.0
1631876568.229,903.0,903.0
1631876568.528,903.0,903.0
1631876568.831,903.0,902.0
1631876569.13,904.0,902.0
1631876569.429,903.0,903.0
1631876569.732,903.0,903.0
1631876570.031,904.0,903.0
1631876570.33,902.0,903.0
1631876570.633,903.0,903.0
1631876570.932,903.0,903.0
1631876571.231,904.0,903.0
1631876571.53,904.0,903.0
1631876571.833,905.0,903.0
1631876572.132,903.0,903.0
1631876572.431,904.0,903.0
1631876572.734,903.0,903.0
1631876573.033,904.0,903.0
1631876573.332,903.0,903.0
1631876573.635,902.0,903.0
1631876573.934,903.0,903.0
1631876574.234,903.0,903.0
1631876574.536,903.0,903.0
1631876574.835,903.0,903.0
1631876575.135,903.0,903.0
1631876575.434,903.0,903.0
1631876575.737,901.0,903.0
1631876576.036,902.0,902.0
1631876576.335,904.0,902.0
1631876576.638,903.0,902.0
1631876576.937,902.0,902.0
1631876577.236,902.0,902.0
1631876577.539,902.0,902.0
1631876577.838,903.0,902.0
1631876578.137,902.0,902.0
1631876578.44,903.0,902.0
1631876578.739,904.0,902.0
1631876579.038,903.0,902.0
1631876579.337,903.0,902.0
1631876579.64,904.0,902.0
1631876579.939,903.0,902.0
1631876580.238,904.0,902.0
1631876580.541,903.0,903.0
1631876580.84,903.0,903.0
1631876581.139,903.0,903.0
1631876581.442,903.0,903.0
1631876581.741,903.0,903.0
1631876582.04,903.0,903.0
1631876582.343,905.0,903.0
1631876582.642,903.0,903.0
1631876582.941,903.0,903.0
1631876583.24,903.0,903.0
1631876583.543,902.0,903.0
1631876583.842,902.0,903.0
1631876584.141,902.0,903.0
1631876584.444,902.0,902.0
1631876584.743,903.0,902.0
1631876585.042,901.0,902.0
1631876585.345,902.0,902.0
1631876585.644,902.0,902.0
1631876585.943,903.0,902.0
1631876586.246,903.0,902.0
1631876586.545,903.0,902.0
1631876586.844,903.0,902.0
1631876587.144,902.0,902.0
1631876587.446,902.0,902.0
1631876587.746,902.0,902.0
1631876588.045,902.0,902.0
1631876588.347,903.0,902.0
1631876588.646,901.0,902.0
1631876588.945,902.0,902.0
1631876589.249,902.0,902.0
1631876589.548,901.0,902.0
1631876589.847,904.0,902.0
1631876590.15,904.0,902.0
1631876590.449,902.0,902.0
1631876590.748,902.0,902.0
1631876591.047,902.0,902.0
1631876591.35,902.0,902.0
1631876591.649,901.0,902.0
1631876591.948,902.0,902.0
1631876592.251,902.0,902.0
1631876592.55,903.0,902.0
1631876592.849,902.0,902.0
1631876593.152,903.0,902.0
1631876593.451,903.0,902.0
1631876593.75,902.0,902.0
1631876594.053,902.0,902.0
1631876594.352,903.0,902.0
1631876594.651,903.0,902.0
1631876594.95,903.0,902.0
1631876595.253,902.0,902.0
1631876595.552,902.0,902.0
1631876595.851,905.0,902.0
1631876596.154,903.0,902.0
1631876596.453,902.0,902.0
1631876596.752,902.0,902.0
1631876597.055,903.0,902.0
1631876597.354,902.0,902.0
1631876597.653,903.0,902.0
1631876597.956,902.0,902.0
1631876598.255,903.0,902.0
1631876598.554,902.0,902.0
1631876598.857,902.0,902.0
1631876599.156,902.0,902.0
1631876599.455,905.0,902.0
1631876599.755,903.0,902.0
1631876600.057,903.0,902.0
1631876600.357,903.0,902.0
1631876600.656,902.0,902.0
1631876600.959,903.0,902.0
1631876601.258,903.0,902.0
1631876601.557,903.0,902.0
1631876601.86,902.0,902.0
1631876602.159,903.0,902.0
1631876602.458,902.0,903.0
1631876602.761,902.0,902.0
1631876603.06,904.0,902.0
1631876603.359,903.0,902.0
1631876603.658,903.0,902.0
1631876603.961,902.0,902.0
1631876604.26,903.0,902.0
1631876604.559,903.0,902.0
1631876604.862,903.0,902.0
1631876605.161,902.0,902.0
1631876605.46,903.0,902.0
1631876605.763,903.0,902.0
1631876606.062,902.0,902.0
1631876606.361,904.0,902.0
1631876606.664,903.0,902.0
1631876606.963,903.0,902.0
1631876607.262,902.0,902.0
1631876607.561,903.0,902.0
1631876607.864,902.0,902.0
1631876608.163,904.0,902.0
1631876608.462,902.0,902.0
1631876608.765,903.0,902.0
1631876609.064,903.0,902.0
1631876609.363,903.0,902.0
1631876609.666,902.0,902.0
1631876609.965,902.0,902.0
1631876610.264,903.0,902.0
1631876610.567,904.0,902.0
1631876610.866,904.0,902.0
1631876611.165,904.0,903.0
1631876611.464,902.0,903.0
1631876611.767,902.0,903.0
1631876612.067,903.0,902.0
1631876612.366,902.0,902.0
1631876612.668,903.0,902.0
1631876612.968,902.0,902.0
1631876613.267,906.0,902.0
1631876613.57,903.0,903.0
1631876613.869,903.0,903.0
1631876614.168,904.0,903.0
1631876614.471,903.0,903.0
1631876614.77,903.0,903.0
1631876615.069,903.0,903.0
1631876615.368,904.0,903.0
1631876615.671,903.0,903.0
1631876615.97,904.0,903.0
1631876616.269,903.0,903.0
1631876616.572,903.0,903.0
1631876616.871,903.0,903.0
1631876617.17,902.0,903.0
1631876617.473,902.0,903.0
1631876617.772,904.0,903.0
1631876618.071,902.0,903.0
1631876618.374,902.0,903.0
1631876618.673,902.0,902.0
1631876618.972,903.0,902.0
1631876619.271,902.0,902.0
1631876619.574,902.0,902.0
1631876619.873,902.0,902.0
1631876620.172,905.0,902.0
1631876620.475,902.0,902.0
1631876620.774,903.0,902.0
1631876621.073,903.0,902.0
1631876621.376,906.0,902.0
1631876621.675,902.0,903.0
1631876621.974,902.0,903.0
1631876622.277,902.0,902.0
1631876622.576,903.0,902.0
1631876622.875,902.0,903.0
1631876623.174,902.0,903.0
1631876623.477,903.0,902.0
1631876623.777,905.0,902.0
1631876624.076,902.0,903.0
1631876624.378,905.0,902.0
1631876624.678,902.0,902.0
1631876624.977,904.0,902.0
1631876625.279,902.0,903.0
1631876625.579,902.0,903.0
1631876625.878,902.0,902.0
1631876626.181,902.0,902.0
1631876626.48,902.0,902.0
1631876626.779,903.0,902.0
1631876627.078,901.0,902.0
1631876627.381,902.0,902.0
1631876627.68,902.0,902.0
1631876627.979,903.0,902.0
1631876628.282,902.0,902.0
1631876628.581,905.0,902.0
1631876628.88,903.0,902.0
1631876629.183,902.0,902.0
1631876629.482,903.0,902.0
1631876629.781,902.0,902.0
1631876630.084,902.0,902.0
1631876630.383,903.0,902.0
1631876630.682,905.0,902.0
1631876630.981,904.0,903.0
1631876631.284,902.0,903.0
1631876631.583,902.0,903.0
1631876631.882,906.0,902.0
1631876632.185,903.0,903.0
1631876632.484,901.0,903.0
1631876632.783,902.0,903.0
1631876633.086,903.0,903.0
1631876633.385,902.0,903.0
1631876633.684,903.0,903.0
1631876633.987,903.0,902.0
1631876634.286,904.0,902.0
1631876634.585,902.0,902.0
1631876634.884,904.0,902.0
1631876635.187,902.0,902.0
1631876635.487,902.0,902.0
1631876635.786,903.0,902.0
1631876636.088,902.0,902.0
1631876636.387,902.0,902.0
1631876636.687,903.0,902.0
1631876636.989,903.0,902.0
1631876637.289,905.0,902.0
1631876637.588,901.0,902.0
1631876637.891,903.0,902.0
1631876638.19,903.0,902.0
1631876638.489,902.0,902.0
1631876638.792,903.0,902.0
1631876639.091,902.0,902.0
1631876639.39,903.0,902.0
1631876639.689,903.0,902.0
1631876639.992,902.0,902.0
1631876640.291,902.0,902.0
1631876640.59,903.0,902.0
1631876640.893,902.0,902.0
1631876641.192,902.0,902.0
1631876641.491,902.0,902.0
1631876641.794,901.0,902.0
1631876642.093,902.0,902.0
1631876642.392,902.0,902.0
1631876642.695,904.0,902.0
1631876642.994,902.0,902.0
1631876643.293,903.0,902.0
1631876643.592,903.0,902.0
1631876643.895,904.0,902.0
1631876644.194,902.0,902.0
1631876644.493,902.0,902.0
1631876644.796,902.0,902.0
1631876645.095,903.0,902.0
1631876645.394,902.0,902.0
1631876645.697,901.0,902.0
1631876645.996,903.0,902.0
1631876646.295,905.0,902.0
1631876646.598,903.0,902.0
1631876646.897,903.0,902.0
1631876647.196,903.0,902.0
1631876647.495,906.0,902.0
1631876647.798,902.0,903.0
1631876648.097,902.0,903.0
1631876648.397,902.0,903.0
1631876648.699,902.0,903.0
1631876648.998,903.0,903.0
1631876649.298,903.0,903.0
1631876649.6,903.0,902.0
1631876649.9,902.0,902.0
1631876650.199,903.0,902.0
1631876650.502,905.0,902.0
1631876650.801,903.0,902.0
1631876651.1,902.0,902.0
1631876651.399,903.0,902.0
1631876651.702,902.0,902.0
1631876652.001,903.0,902.0
1631876652.3,903.0,902.0
1631876652.603,902.0,902.0
1631876652.902,903.0,902.0
1631876653.201,903.0,902.0
1631876653.504,902.0,902.0
1631876653.803,902.0,902.0
1631876654.102,903.0,902.0
1631876654.405,902.0,902.0
1631876654.704,902.0,902.0
1631876655.003,902.0,902.0
1631876655.302,903.0,902.0
1631876655.605,903.0,902.0
1631876655.904,903.0,902.0
1631876656.203,902.0,902.0
1631876656.506,902.0,902.0
1631876656.805,903.0,902.0
1631876657.104,902.0,902.0
1631876657.407,902.0,902.0
1631876657.706,902.0,902.0
1631876658.005,903.0,902.0
1631876658.308,905.0,902.0
1631876658.607,903.0,902.0
1631876658.906,903.0,902.0
1631876659.205,903.0,902.0
1631876659.508,903.0,902.0
1631876659.807,904.0,902.0
1631876660.106,903.0,903.0
1631876660.409,902.0,903.0
1631876660.708,903.0,903.0
1631876661.008,902.0,903.0
1631876661.31,902.0,903.0
1631876661.609,903.0,902.0
1631876661.909,903.0,902.0
1631876662.211,903.0,902.0
1631876662.511,902.0,902.0
1631876662.81,903.0,902.0
1631876663.109,903.0,902.0
1631876663.412,903.0,902.0
1631876663.711,901.0,902.0
1631876664.01,901.0,902.0
1631876664.313,901.0,902.0
1631876664.612,902.0,902.0
1631876664.911,903.0,902.0
1631876665.214,902.0,902.0
1631876665.513,903.0,902.0
1631876665.812,902.0,902.0
1631876666.115,904.0,902.0
1631876666.414,905.0,902.0
1631876666.713,901.0,902.0
1631876667.012,901.0,902.0
1631876667.315,902.0,902.0
1631876667.614,902.0,902.0
1631876667.913,900.0,902.0
1631876668.216,901.0,902.0
1631876668.515,903.0,902.0
1631876668.814,901.0,902.0
1631876669.117,902.0,902.0
1631876669.416,902.0,901.0
1631876669.715,901.0,901.0
1631876670.018,901.0,901.0
1631876670.317,901.0,901.0
1631876670.616,902.0,901.0
1631876670.915,902.0,901.0
1631876671.218,903.0,901.0
1631876671.517,901.0,901.0
1631876671.816,902.0,901.0
1631876672.119,902.0,901.0
1631876672.418,902.0,901.0
1631876672.717,902.0,901.0
1631876673.02,903.0,901.0
1631876673.319,901.0,902.0
1631876673.619,902.0,902.0
1631876673.922,901.0,902.0
1631876674.221,902.0,901.0
1631876674.52,900.0,901.0
1631876674.823,901.0,901.0
1631876675.122,902.0,901.0
1631876675.421,901.0,901.0
1631876675.72,901.0,901.0
1631876676.023,902.0,901.0
1631876676.322,902.0,901.0
1631876676.621,901.0,901.0
1631876676.924,902.0,901.0
1631876677.223,901.0,901.0
1631876677.522,902.0,901.0
1631876677.825,901.0,901.0
1631876678.124,902.0,901.0
1631876678.423,902.0,901.0
1631876678.726,903.0,901.0
1631876679.025,902.0,901.0
1631876679.324,901.0,901.0
1631876679.623,902.0,901.0
1631876679.926,902.0,901.0
1631876680.225,901.0,901.0
1631876680.524,902.0,901.0
1631876680.827,901.0,901.0
1631876681.126,903.0,901.0
1631876681.425,901.0,901.0
1631876681.728,902.0,901.0
1631876682.027,901.0,901.0
1631876682.326,904.0,901.0
1631876682.629,901.0,901.0
1631876682.928,904.0,901.0
1631876683.227,901.0,902.0
1631876683.526,903.0,902.0
1631876683.829,901.0,902.0
1631876684.128,901.0,902.0
1631876684.427,902.0,901.0
1631876684.73,902.0,902.0
1631876685.029,901.0,902.0
1631876685.329,901.0,902.0
1631876685.631,902.0,901.0
1631876685.93,901.0,901.0
1631876686.23,901.0,901.0
1631876686.532,901.0,901.0
1631876686.832,902.0,901.0
1631876687.131,901.0,901.0
1631876687.43,901.0,901.0
1631876687.733,900.0,901.0
1631876688.032,902.0,901.0
1631876688.331,901.0,901.0
1631876688.634,901.0,901.0
1631876688.933,901.0,901.0
1631876689.232,902.0,901.0
1631876689.535,902.0,901.0
1631876689.834,900.0,901.0
1631876690.133,900.0,901.0
1631876690.436,902.0,901.0
1631876690.735,902.0,901.0
1631876691.034,901.0,901.0
1631876691.333,900.0,901.0
1631876691.636,902.0,901.0
1631876691.935,902.0,901.0
1631876692.234,901.0,901.0
1631876692.537,901.0,901.0
1631876692.836,901.0,901.0
1631876693.135,902.0,901.0
1631876693.438,902.0,901.0
1631876693.737,902.0,901.0
1631876694.036,903.0,901.0
1631876694.339,901.0,901.0
1631876694.638,902.0,901.0
1631876694.937,902.0,901.0
1631876695.236,901.0,901.0
1631876695.539,901.0,901.0
1631876695.838,901.0,901.0
1631876696.137,902.0,901.0
1631876696.44,901.0,901.0
1631876696.739,901.0,901.0
1631876697.038,902.0,901.0
1631876697.341,901.0,901.0
1631876697.64,902.0,901.0
1631876697.939,901.0,901.0
1631876698.242,902.0,901.0
1631876698.541,896.0,901.0
1631876698.841,901.0,900.0
1631876699.14,901.0,900.0
1631876699.443,901.0,900.0
1631876699.742,901.0,900.0
1631876700.041,902.0,900.0
1631876700.344,901.0,900.0
1631876700.643,901.0,900.0
1631876700.942,902.0,900.0
1631876701.245,902.0,900.0
1631876701.544,901.0,900.0
1631876701.843,904.0,901.0
1631876702.146,900.0,901.0
1631876702.445,903.0,901.0
1631876702.744,902.0,901.0
1631876703.043,902.0,901.0
1631876703.346,902.0,901.0
1631876703.645,900.0,901.0
1631876703.944,905.0,901.0
1631876704.247,902.0,902.0
1631876704.546,902.0,902.0
1631876704.845,902.0,902.0
1631876705.148,903.0,902.0
1631876705.447,901.0,902.0
1631876705.746,901.0,902.0
1631876706.049,902.0,902.0
1631876706.348,900.0,902.0
1631876706.647,902.0,901.0
1631876706.946,904.0,902.0
1631876707.249,902.0,901.0
1631876707.548,902.0,901.0
1631876707.847,901.0,901.0
1631876708.15,901.0,901.0
1631876708.449,901.0,901.0
1631876708.748,902.0,901.0
1631876709.051,905.0,901.0
1631876709.35,902.0,902.0
1631876709.649,902.0,902.0
1631876709.952,902.0,902.0
1631876710.251,902.0,902.0
1631876710.551,902.0,902.0
1631876710.85,900.0,902.0
1631876711.153,901.0,901.0
1631876711.452,902.0,901.0
1631876711.751,902.0,902.0
1631876712.054,901.0,902.0
1631876712.353,901.0,901.0
1631876712.652,902.0,901.0
1631876712.955,902.0,901.0
1631876713.254,904.0,901.0
1631876713.553,902.0,901.0
1631876713.856,903.0,901.0
1631876714.155,902.0,902.0
1631876714.454,902.0,902.0
1631876714.757,901.0,902.0
1631876715.056,901.0,902.0
1631876715.355,902.0,902.0
1631876715.654,901.0,902.0
1631876715.957,902.0,902.0
1631876716.256,902.0,902.0
1631876716.555,901.0,901.0
1631876716.858,901.0,901.0
1631876717.157,901.0,901.0
1631876717.456,902.0,901.0
1631876717.759,900.0,901.0
1631876718.058,902.0,901.0
1631876718.357,901.0,901.0
1631876718.66,902.0,901.0
1631876718.959,903.0,901.0
1631876719.258,901.0,901.0
1631876719.557,901.0,901.0
1631876719.86,901.0,901.0
1631876720.159,902.0,901.0
1631876720.458,902.0,901.0
1631876720.761,900.0,901.0
1631876721.06,901.0,901.0
1631876721.359,901.0,901.0
1631876721.662,901.0,901.0
1631876721.961,902.0,901.0
1631876722.26,901.0,901.0
1631876722.563,901.0,901.0
1631876722.862,900.0,901.0
1631876723.162,899.0,901.0
1631876723.461,901.0,900.0
1631876723.763,901.0,900.0
1631876724.063,901.0,900.0
1631876724.362,901.0,900.0
1631876724.665,901.0,900.0
1631876724.964,901.0,900.0
1631876725.263,903.0,900.0
1631876725.566,900.0,900.0
1631876725.865,901.0,900.0
1631876726.164,900.0,900.0
1631876726.467,901.0,901.0
1631876726.766,901.0,901.0
1631876727.065,901.0,901.0
1631876727.364,900.0,901.0
1631876727.667,903.0,900.0
1631876727.966,900.0,901.0
1631876728.265,902.0,901.0
1631876728.568,904.0,900.0
1631876728.867,901.0,901.0
1631876729.166,901.0,901.0
1631876729.469,901.0,901.0
1631876729.768,901.0,901.0
1631876730.067,900.0,901.0
1631876730.37,901.0,901.0
1631876730.669,900.0,901.0
1631876730.968,903.0,901.0
1631876731.267,901.0,901.0
1631876731.57,901.0,901.0
1631876731.869,901.0,901.0
1631876732.168,900.0,901.0
1631876732.471,900.0,900.0
1631876732.77,900.0,900.0
1631876733.069,900.0,900.0
1631876733.372,900.0,900.0
1631876733.671,900.0,900.0
1631876733.97,900.0,900.0
1631876734.273,900.0,900.0
1631876734.572,901.0,900.0
1631876734.871,902.0,900.0
1631876735.171,900.0,900.0
1631876735.473,901.0,900.0
1631876735.773,901.0,900.0
1631876736.072,901.0,900.0
1631876736.374,900.0,900.0
1631876736.674,901.0,900.0
1631876736.973,901.0,900.0
1631876737.276,901.0,900.0
1631876737.575,902.0,900.0
1631876737.874,899.0,901.0
1631876738.177,901.0,900.0
1631876738.476,900.0,900.0
1631876738.775,900.0,900.0
1631876739.074,901.0,900.0
1631876739.377,903.0,900.0
1631876739.676,901.0,900.0
1631876739.975,900.0,900.0
1631876740.278,900.0,900.0
1631876740.577,901.0,900.0
1631876740.876,901.0,900.0
1631876741.179,900.0,900.0
1631876741.478,900.0,900.0
1631876741.777,901.0,900.0
1631876742.08,901.0,900.0
1631876742.379,903.0,900.0
1631876742.678,904.0,900.0
1631876742.977,900.0,901.0
1631876743.28,900.0,901.0
1631876743.579,900.0,901.0
1631876743.878,901.0,901.0
1631876744.181,900.0,901.0
1631876744.48,901.0,901.0
1631876744.779,900.0,901.0
1631876745.082,901.0,901.0
1631876745.381,901.0,901.0
1631876745.68,902.0,900.0
1631876745.983,902.0,900.0
1631876746.282,900.0,900.0
1631876746.581,900.0,900.0
1631876746.88,901.0,900.0
1631876747.183,903.0,900.0
1631876747.482,899.0,901.0
1631876747.782,901.0,900.0
1631876748.084,902.0,901.0
1631876748.384,900.0,901.0
1631876748.683,900.0,901.0
1631876748.986,902.0,900.0
1631876749.285,900.0,900.0
1631876749.584,899.0,900.0
1631876749.887,899.0,900.0
1631876750.186,900.0,900.0
1631876750.485,900.0,900.0
1631876750.784,899.0,900.0
1631876751.087,900.0,900.0
1631876751.386,902.0,899.0
1631876751.685,901.0,900.0
1631876751.988,900.0,900.0
1631876752.287,900.0,900.0
1631876752.586,900.0,900.0
1631876752.889,899.0,900.0
1631876753.188,899.0,900.0
1631876753.487,900.0,900.0
1631876753.79,900.0,900.0
1631876754.089,900.0,900.0
1631876754.388,900.0,900.0
1631876754.691,899.0,899.0
1631876754.99,899.0,899.0
1631876755.289,899.0,899.0
1631876755.588,902.0,899.0
1631876755.891,900.0,899.0
1631876756.19,901.0,899.0
1631876756.489,899.0,900.0
1631876756.792,899.0,899.0
1631876757.091,899.0,899.0
1631876757.39,895.0,899.0
1631876757.693,899.0,899.0
1631876757.992,900.0,899.0
1631876758.291,900.0,899.0
1631876758.594,900.0,899.0
1631876758.893,899.0,899.0
1631876759.192,900.0,899.0
1631876759.491,900.0,899.0
1631876759.794,899.0,899.0
1631876760.094,900.0,899.0
1631876760.393,900.0,899.0
1631876760.695,900.0,899.0
1631876760.995,903.0,899.0
1631876761.294,904.0,900.0
1631876761.597,899.0,900.0
1631876761.896,901.0,900.0
1631876762.194,900.0,900.0
1631876762.497,900.0,900.0
1631876762.797,900.0,900.0
1631876763.096,900.0,900.0
1631876763.395,900.0,900.0
1631876763.698,900.0,900.0
1631876763.997,900.0,900.0
1631876764.296,900.0,900.0
1631876764.599,902.0,900.0
1631876764.898,900.0,900.0
1631876765.197,900.0,900.0
1631876765.5,901.0,900.0
1631876765.799,901.0,900.0
1631876766.098,901.0,900.0
1631876766.401,900.0,900.0
1631876766.7,901.0,900.0
1631876766.999,900.0,900.0
1631876767.298,901.0,900.0
1631876767.601,900.0,900.0
1631876767.9,900.0,900.0
1631876768.199,899.0,900.0
1631876768.502,900.0,900.0
1631876768.801,900.0,900.0
1631876769.1,903.0,900.0
1631876769.403,900.0,900.0
1631876769.702,901.0,900.0
1631876770.001,900.0,900.0
1631876770.304,900.0,900.0
1631876770.603,900.0,900.0
1631876770.902,900.0,900.0
1631876771.201,901.0,900.0
1631876771.504,900.0,900.0
1631876771.804,900.0,900.0
1631876772.103,900.0,900.0
1631876772.405,900.0,900.0
1631876772.704,899.0,900.0
1631876773.004,901.0,900.0
1631876773.306,900.0,900.0
1631876773.606,903.0,900.0
1631876773.905,899.0,900.0
1631876774.208,900.0,900.0
1631876774.507,900.0,900.0
1631876774.806,900.0,900.0
1631876775.105,901.0,900.0
1631876775.408,900.0,900.0
1631876775.707,899.0,900.0
1631876776.006,901.0,900.0
1631876776.309,899.0,900.0
1631876776.608,901.0,900.0
1631876776.907,900.0,900.0
1631876777.21,900.0,900.0
1631876777.509,899.0,900.0
1631876777.808,901.0,900.0
1631876778.111,900.0,900.0
1631876778.41,901.0,900.0
1631876778.709,900.0,900.0
1631876779.008,900.0,900.0
1631876779.311,900.0,900.0
1631876779.61,900.0,900.0
1631876779.909,900.0,900.0
1631876780.212,900.0,900.0
1631876780.511,900.0,900.0
1631876780.81,899.0,900.0
1631876781.113,900.0,900.0
1631876781.412,903.0,900.0
1631876781.711,901.0,900.0
1631876782.014,903.0,900.0
1631876782.313,900.0,900.0
1631876782.612,901.0,900.0
1631876782.911,900.0,900.0
1631876783.214,900.0,900.0
1631876783.513,901.0,900.0
1631876783.812,900.0,900.0
1631876784.115,899.0,900.0
1631876784.414,900.0,900.0
1631876784.714,901.0,900.0
1631876785.016,900.0,900.0
1631876785.315,900.0,900.0
1631876785.615,901.0,900.0
1631876785.917,900.0,900.0
1631876786.217,900.0,900.0
1631876786.516,901.0,900.0
1631876786.814,900.0,900.0
1631876787.118,899.0,900.0
1631876787.417,900.0,900.0
1631876787.716,903.0,900.0
1631876788.019,899.0,900.0
1631876788.318,900.0,900.0
1631876788.617,900.0,900.0
1631876788.92,900.0,900.0
1631876789.219,899.0,900.0
1631876789.518,900.0,900.0
1631876789.821,901.0,900.0
1631876790.12,903.0,900.0
1631876790.419,900.0,900.0
1631876790.722,900.0,900.0
1631876791.021,900.0,900.0
1631876791.32,901.0,900.0
1631876791.619,902.0,900.0
1631876791.922,900.0,900.0
1631876792.221,900.0,900.0
1631876792.52,900.0,900.0
1631876792.823,900.0,900.0
1631876793.122,900.0,900.0
1631876793.421,900.0,900.0
1631876793.724,901.0,900.0
1631876794.023,900.0,900.0
1631876794.322,901.0,900.0
1631876794.625,898.0,900.0
1631876794.924,901.0,900.0
1631876795.223,900.0,900.0
1631876795.522,900.0,900.0
1631876795.825,900.0,900.0
1631876796.124,900.0,900.0
1631876796.424,900.0,900.0
1631876796.726,900.0,900.0
1631876797.025,900.0,900.0
1631876797.325,899.0,900.0
1631876797.627,902.0,899.0
1631876797.927,902.0,900.0
1631876798.225,900.0,900.0
1631876798.528,901.0,900.0
1631876798.828,904.0,900.0
1631876799.127,901.0,900.0
1631876799.426,902.0,900.0
1631876799.729,900.0,901.0
1631876800.028,900.0,901.0
1631876800.327,899.0,901.0
1631876800.63,899.0,901.0
1631876800.929,900.0,900.0
1631876801.228,901.0,900.0
1631876801.531,900.0,900.0
1631876801.83,899.0,900.0
1631876802.129,901.0,900.0
1631876802.432,900.0,900.0
1631876802.731,900.0,899.0
1631876803.03,900.0,899.0
1631876803.329,902.0,899.0
1631876803.632,900.0,900.0
1631876803.931,901.0,900.0
1631876804.23,901.0,900.0
1631876804.533,901.0,900.0
1631876804.832,901.0,900.0
1631876805.131,901.0,900.0
1631876805.434,901.0,900.0
1631876805.733,900.0,900.0
1631876806.032,900.0,900.0
1631876806.335,901.0,900.0
1631876806.634,900.0,900.0
1631876806.933,901.0,900.0
1631876807.232,901.0,900.0
1631876807.535,900.0,900.0
1631876807.834,901.0,900.0
1631876808.133,901.0,900.0
1631876808.436,900.0,900.0
1631876808.735,900.0,900.0
1631876809.035,900.0,900.0
1631876809.337,900.0,900.0
1631876809.636,902.0,900.0
1631876809.936,904.0,900.0
1631876810.238,901.0,900.0
1631876810.538,902.0,900.0
1631876810.837,900.0,901.0
1631876811.136,901.0,901.0
1631876811.439,901.0,901.0
1631876811.738,901.0,901.0
1631876812.037,901.0,901.0
1631876812.34,901.0,901.0
1631876812.639,901.0,901.0
1631876812.938,902.0,901.0
1631876813.241,900.0,901.0
1631876813.54,901.0,901.0
1631876813.839,900.0,900.0
1631876814.142,900.0,900.0
1631876814.441,901.0,900.0
1631876814.74,901.0,900.0
1631876815.039,901.0,900.0
1631876815.342,903.0,900.0
1631876815.641,901.0,901.0
1631876815.94,900.0,901.0
1631876816.243,901.0,900.0
1631876816.542,901.0,900.0
1631876816.841,901.0,900.0
1631876817.144,902.0,901.0
1631876817.443,902.0,901.0
1631876817.742,901.0,901.0
1631876818.045,903.0,901.0
1631876818.344,901.0,901.0
1631876818.643,903.0,901.0
1631876818.942,901.0,901.0
1631876819.245,902.0,901.0
1631876819.544,900.0,901.0
1631876819.843,901.0,901.0
1631876820.146,902.0,901.0
1631876820.445,901.0,901.0
1631876820.744,900.0,901.0
1631876821.048,900.0,901.0
1631876821.346,900.0,901.0
1631876821.645,901.0,901.0
1631876821.948,900.0,900.0
1631876822.247,903.0,900.0
1631876822.547,900.0,900.0
1631876822.846,900.0,900.0
1631876823.149,902.0,900.0
1631876823.448,900.0,900.0
1631876823.747,901.0,900.0
1631876824.05,901.0,900.0
1631876824.349,900.0,900.0
1631876824.648,900.0,900.0
1631876824.951,905.0,900.0
1631876825.25,902.0,901.0
1631876825.549,899.0,901.0
1631876825.852,901.0,901.0
1631876826.151,901.0,901.0
1631876826.45,901.0,901.0
1631876826.753,901.0,901.0
1631876827.052,900.0,901.0
1631876827.351,901.0,901.0
1631876827.65,901.0,901.0
1631876827.953,902.0,901.0
1631876828.252,901.0,900.0
1631876828.551,900.0,900.0
1631876828.854,901.0,900.0
1631876829.153,902.0,900.0
1631876829.452,904.0,901.0
1631876829.755,901.0,901.0
1631876830.054,900.0,901.0
1631876830.353,901.0,901.0
1631876830.656,900.0,901.0
1631876830.955,901.0,901.0
1631876831.254,900.0,901.0
1631876831.553,900.0,901.0
1631876831.856,901.0,901.0
1631876832.155,900.0,901.0
1631876832.454,901.0,900.0
1631876832.757,900.0,900.0
1631876833.056,901.0,900.0
1631876833.355,901.0,900.0
1631876833.658,900.0,900.0
1631876833.957,900.0,900.0
1631876834.256,902.0,900.0
1631876834.559,901.0,900.0
1631876834.858,901.0,900.0
1631876835.158,902.0,900.0
1631876835.457,901.0,900.0
1631876835.76,901.0,900.0
1631876836.059,902.0,901.0
1631876836.358,901.0,901.0
1631876836.661,900.0,901.0
1631876836.96,901.0,901.0
1631876837.259,900.0,901.0
1631876837.562,901.0,901.0
1631876837.861,901.0,901.0
1631876838.16,902.0,901.0
1631876838.463,901.0,901.0
1631876838.762,900.0,901.0
1631876839.061,901.0,900.0
1631876839.36,901.0,900.0
1631876839.663,902.0,900.0
1631876839.962,904.0,901.0
1631876840.261,902.0,901.0
1631876840.564,900.0,901.0
1631876840.863,901.0,901.0
1631876841.162,902.0,901.0
1631876841.465,900.0,901.0
1631876841.764,900.0,901.0
1631876842.063,900.0,901.0
1631876842.366,900.0,901.0
1631876842.665,901.0,901.0
1631876842.964,901.0,901.0
1631876843.263,901.0,900.0
1631876843.566,901.0,900.0
1631876843.865,902.0,900.0
1631876844.164,901.0,900.0
1631876844.467,900.0,900.0
1631876844.766,901.0,900.0
1631876845.065,900.0,900.0
1631876845.368,903.0,900.0
1631876845.667,901.0,901.0
1631876845.966,901.0,901.0
1631876846.269,900.0,901.0
1631876846.568,901.0,901.0
1631876846.868,901.0,901.0
1631876847.167,901.0,900.0
1631876847.469,902.0,900.0
1631876847.768,900.0,901.0
1631876848.068,900.0,901.0
1631876848.371,901.0,901.0
1631876848.67,901.0,900.0
1631876848.969,900.0,900.0
1631876849.272,902.0,900.0
1631876849.571,902.0,900.0
1631876849.87,901.0,901.0
1631876850.173,900.0,901.0
1631876850.472,901.0,900.0
1631876850.771,901.0,900.0
1631876851.07,901.0,900.0
1631876851.373,901.0,901.0
1631876851.672,901.0,901.0
1631876851.971,901.0,901.0
1631876852.274,900.0,901.0
1631876852.573,902.0,900.0
1631876852.872,901.0,900.0
1631876853.175,902.0,900.0
1631876853.474,901.0,901.0
1631876853.773,902.0,901.0
1631876854.076,901.0,901.0
1631876854.375,901.0,901.0
1631876854.674,901.0,901.0
1631876854.973,901.0,901.0
1631876855.276,901.0,901.0
1631876855.575,902.0,901.0
1631876855.874,902.0,901.0
1631876856.177,904.0,901.0
1631876856.476,900.0,901.0
1631876856.775,902.0,901.0
1631876857.078,901.0,901.0
1631876857.377,904.0,901.0
1631876857.676,902.0,901.0
1631876857.979,901.0,901.0
1631876858.278,901.0,901.0
1631876858.577,901.0,901.0
1631876858.876,901.0,901.0
1631876859.179,902.0,901.0
1631876859.479,902.0,901.0
1631876859.778,901.0,901.0
1631876860.08,903.0,901.0
1631876860.38,901.0,901.0
1631876860.679,902.0,901.0
1631876860.982,902.0,901.0
1631876861.281,901.0,901.0
1631876861.58,902.0,901.0
1631876861.883,902.0,901.0
1631876862.182,901.0,901.0
1631876862.481,901.0,901.0
1631876862.78,904.0,901.0
1631876863.083,901.0,901.0
1631876863.382,901.0,901.0
1631876863.681,903.0,901.0
1631876863.984,902.0,901.0
1631876864.283,901.0,901.0
1631876864.582,901.0,901.0
1631876864.885,902.0,901.0
1631876865.184,902.0,901.0
1631876865.483,902.0,901.0
1631876865.786,904.0,901.0
1631876866.085,901.0,901.0
1631876866.384,901.0,901.0
1631876866.683,902.0,901.0
1631876866.986,902.0,901.0
1631876867.285,901.0,901.0
1631876867.584,902.0,901.0
1631876867.887,902.0,901.0
1631876868.186,902.0,901.0
1631876868.485,902.0,901.0
1631876868.788,901.0,901.0
1631876869.087,901.0,901.0
1631876869.386,902.0,901.0
1631876869.689,902.0,901.0
1631876869.988,901.0,901.0
1631876870.287,901.0,901.0
1631876870.59,900.0,901.0
1631876870.889,901.0,901.0
1631876871.188,904.0,901.0
1631876871.488,901.0,901.0
1631876871.79,901.0,901.0
1631876872.09,902.0,901.0
1631876872.389,901.0,901.0
1631876872.692,902.0,901.0
1631876872.991,900.0,901.0
1631876873.29,901.0,901.0
1631876873.593,902.0,901.0
1631876873.892,902.0,901.0
1631876874.191,902.0,901.0
1631876874.494,902.0,901.0
1631876874.793,901.0,901.0
1631876875.092,902.0,901.0
1631876875.391,905.0,901.0
1631876875.694,902.0,901.0
1631876875.993,902.0,901.0
1631876876.292,902.0,902.0
1631876876.595,901.0,902.0
1631876876.894,903.0,902.0
1631876877.193,903.0,902.0
1631876877.496,901.0,902.0
1631876877.795,902.0,902.0
1631876878.094,901.0,902.0
1631876878.397,905.0,902.0
1631876878.696,902.0,902.0
1631876878.995,902.0,902.0
1631876879.294,902.0,902.0
1631876879.597,903.0,902.0
1631876879.896,902.0,902.0
1631876880.195,902.0,902.0
1631876880.498,903.0,902.0
1631876880.797,901.0,902.0
1631876881.096,902.0,902.0
1631876881.399,901.0,902.0
1631876881.698,902.0,902.0
1631876881.997,902.0,902.0
1631876882.3,901.0,902.0
1631876882.599,901.0,901.0
1631876882.898,902.0,901.0
1631876883.197,900.0,901.0
1631876883.5,902.0,901.0
1631876883.8,902.0,901.0
1631876884.099,903.0,901.0
1631876884.401,902.0,901.0
1631876884.701,902.0,901.0
1631876885.0,902.0,901.0
1631876885.303,902.0,901.0
1631876885.602,903.0,901.0
1631876885.901,903.0,902.0
1631876886.204,902.0,902.0
1631876886.503,902.0,902.0
1631876886.802,896.0,902.0
1631876887.101,902.0,901.0
1631876887.404,903.0,901.0
1631876887.703,907.0,901.0
1631876888.002,902.0,902.0
1631876888.305,902.0,902.0
1631876888.604,904.0,902.0
1631876888.903,902.0,902.0
1631876889.206,906.0,902.0
1631876889.505,900.0,902.0
1631876889.804,902.0,902.0
1631876890.107,902.0,903.0
1631876890.406,903.0,903.0
1631876890.705,902.0,903.0
1631876891.004,903.0,902.0
1631876891.307,903.0,902.0
1631876891.606,901.0,902.0
1631876891.905,901.0,902.0
1631876892.208,904.0,902.0
1631876892.507,903.0,902.0
1631876892.806,903.0,902.0
1631876893.109,901.0,902.0
1631876893.408,902.0,902.0
1631876893.707,902.0,902.0
1631876894.01,901.0,902.0
1631876894.309,903.0,902.0
1631876894.608,903.0,902.0
1631876894.907,902.0,902.0
1631876895.21,902.0,902.0
1631876895.509,902.0,902.0
1631876895.809,903.0,902.0
1631876896.111,902.0,902.0
1631876896.411,903.0,902.0
1631876896.71,904.0,902.0
1631876897.012,905.0,902.0
1631876897.312,902.0,902.0
1631876897.611,903.0,902.0
1631876897.914,902.0,902.0
1631876898.213,905.0,902.0
1631876898.512,902.0,903.0
1631876898.811,903.0,903.0
1631876899.114,903.0,903.0
1631876899.413,905.0,903.0
1631876899.712,902.0,903.0
1631876900.015,902.0,903.0
1631876900.314,902.0,902.0
1631876900.613,902.0,902.0
1631876900.916,902.0,902.0
1631876901.215,902.0,902.0
1631876901.514,902.0,902.0
1631876901.817,903.0,902.0
1631876902.116,902.0,902.0
1631876902.415,902.0,902.0
1631876902.714,903.0,902.0
1631876903.017,903.0,902.0
1631876903.316,901.0,902.0
1631876903.615,903.0,902.0
1631876903.918,903.0,902.0
1631876904.217,902.0,902.0
1631876904.516,903.0,902.0
1631876904.819,902.0,902.0
1631876905.118,903.0,902.0
1631876905.417,905.0,902.0
1631876905.72,903.0,902.0
1631876906.019,902.0,902.0
1631876906.318,903.0,902.0
1631876906.617,903.0,902.0
1631876906.92,902.0,902.0
1631876907.219,902.0,902.0
1631876907.518,903.0,902.0
1631876907.821,903.0,902.0
1631876908.121,902.0,902.0
1631876908.42,902.0,902.0
1631876908.722,903.0,902.0
1631876909.022,903.0,902.0
1631876909.321,903.0,902.0
1631876909.624,904.0,902.0
1631876909.923,903.0,902.0
1631876910.222,905.0,902.0
1631876910.524,902.0,903.0
1631876910.824,902.0,903.0
1631876911.123,903.0,902.0
1631876911.422,903.0,903.0
1631876911.725,906.0,903.0
1631876912.024,902.0,903.0
1631876912.323,903.0,903.0
1631876912.626,903.0,903.0
1631876912.925,903.0,903.0
1631876913.224,903.0,903.0
1631876913.527,905.0,903.0
1631876913.826,903.0,903.0
1631876914.125,904.0,903.0
1631876914.428,903.0,903.0
1631876914.727,902.0,903.0
1631876915.026,903.0,903.0
1631876915.325,903.0,903.0
1631876915.628,903.0,903.0
1631876915.927,902.0,903.0
1631876916.226,903.0,903.0
1631876916.529,902.0,903.0
1631876916.828,903.0,902.0
1631876917.127,903.0,902.0
1631876917.43,906.0,902.0
1631876917.729,902.0,903.0
1631876918.028,903.0,903.0
1631876918.331,903.0,903.0
1631876918.63,903.0,903.0
1631876918.929,904.0,903.0
1631876919.228,902.0,903.0
1631876919.531,903.0,903.0
1631876919.83,903.0,903.0
1631876920.129,902.0,903.0
1631876920.432,903.0,903.0
1631876920.731,902.0,902.0
1631876921.03,902.0,902.0
1631876921.333,902.0,902.0
1631876921.633,903.0,902.0
1631876921.932,902.0,902.0
1631876922.235,903.0,902.0
1631876922.534,903.0,902.0
1631876922.833,902.0,902.0
1631876923.132,903.0,902.0
1631876923.435,903.0,902.0
1631876923.734,902.0,902.0
1631876924.033,902.0,902.0
1631876924.336,903.0,902.0
1631876924.635,903.0,902.0
1631876924.934,904.0,902.0
1631876925.237,903.0,902.0
1631876925.536,902.0,902.0
1631876925.835,904.0,902.0
1631876926.138,903.0,902.0
1631876926.437,903.0,902.0
1631876926.736,903.0,902.0
1631876927.035,904.0,903.0
1631876927.338,903.0,903.0
1631876927.637,903.0,903.0
1631876927.936,903.0,903.0
1631876928.239,903.0,903.0
1631876928.538,903.0,903.0
1631876928.837,903.0,903.0
1631876929.14,903.0,903.0
1631876929.439,905.0,903.0
1631876929.738,903.0,903.0
1631876930.041,902.0,903.0
1631876930.34,904.0,903.0
1631876930.639,904.0,903.0
1631876930.938,903.0,903.0
1631876931.241,904.0,903.0
1631876931.54,902.0,903.0
1631876931.839,902.0,903.0
1631876932.142,903.0,903.0
1631876932.441,904.0,903.0
1631876932.741,902.0,903.0
1631876933.043,903.0,903.0
1631876933.342,902.0,903.0
1631876933.642,904.0,902.0
1631876933.944,903.0,902.0
1631876934.244,903.0,902.0
1631876934.543,902.0,902.0
1631876934.842,904.0,902.0
1631876935.145,904.0,903.0
1631876935.444,905.0,903.0
1631876935.743,903.0,903.0
1631876936.046,905.0,903.0
1631876936.345,903.0,903.0
1631876936.644,903.0,903.0
1631876936.947,903.0,903.0
1631876937.246,902.0,903.0
1631876937.545,903.0,903.0
1631876937.848,902.0,903.0
1631876938.147,903.0,903.0
1631876938.446,902.0,903.0
1631876938.745,902.0,902.0
1631876939.048,903.0,902.0
1631876939.347,905.0,902.0
1631876939.646,903.0,902.0
1631876939.949,902.0,902.0
1631876940.248,903.0,902.0
1631876940.547,902.0,902.0
1631876940.85,902.0,902.0
1631876941.149,902.0,902.0
1631876941.448,903.0,902.0
1631876941.751,902.0,902.0
1631876942.05,903.0,902.0
1631876942.349,903.0,902.0
1631876942.648,902.0,902.0
1631876942.951,903.0,902.0
1631876943.25,902.0,902.0
1631876943.549,903.0,902.0
1631876943.852,902.0,902.0
1631876944.151,903.0,902.0
1631876944.45,902.0,902.0
1631876944.753,903.0,902.0
1631876945.052,903.0,902.0
1631876945.352,903.0,902.0
1631876945.654,902.0,902.0
1631876945.954,903.0,902.0
1631876946.253,906.0,902.0
1631876946.552,903.0,903.0
1631876946.855,903.0,903.0
1631876947.154,902.0,903.0
1631876947.453,902.0,903.0
1631876947.756,903.0,903.0
1631876948.055,904.0,903.0
1631876948.354,903.0,903.0
1631876948.657,903.0,903.0
1631876948.956,904.0,903.0
1631876949.255,903.0,903.0
1631876949.558,903.0,903.0
1631876949.857,902.0,903.0
1631876950.156,903.0,902.0
1631876950.455,902.0,903.0
1631876950.758,902.0,903.0
1631876951.057,903.0,902.0
1631876951.356,904.0,902.0
1631876951.659,903.0,902.0
1631876951.958,903.0,902.0
1631876952.257,902.0,902.0
1631876952.56,903.0,902.0
1631876952.859,904.0,902.0
1631876953.158,901.0,902.0
1631876953.461,903.0,902.0
1631876953.76,903.0,902.0
1631876954.059,903.0,902.0
1631876954.362,903.0,902.0
1631876954.661,903.0,902.0
1631876954.96,903.0,902.0
1631876955.259,903.0,902.0
1631876955.562,903.0,902.0
1631876955.861,903.0,902.0
1631876956.16,903.0,902.0
1631876956.463,903.0,903.0
1631876956.762,906.0,903.0
1631876957.061,904.0,903.0
1631876957.364,903.0,903.0
1631876957.663,904.0,903.0
1631876957.962,903.0,903.0
1631876958.265,906.0,903.0
1631876958.565,902.0,903.0
1631876958.864,903.0,903.0
1631876959.163,903.0,903.0
1631876959.466,904.0,903.0
1631876959.765,902.0,903.0
1631876960.064,903.0,903.0
1631876960.367,903.0,903.0
1631876960.666,903.0,903.0
1631876960.965,903.0,903.0
1631876961.268,903.0,903.0
1631876961.567,903.0,902.0
1631876961.866,902.0,903.0
1631876962.169,903.0,902.0
1631876962.468,903.0,902.0
1631876962.767,903.0,902.0
1631876963.066,902.0,902.0
1631876963.369,903.0,902.0
1631876963.668,905.0,902.0
1631876963.967,902.0,903.0
1631876964.27,902.0,902.0
1631876964.569,903.0,902.0
1631876964.868,903.0,902.0
1631876965.171,905.0,902.0
1631876965.47,904.0,903.0
1631876965.769,902.0,903.0
1631876966.072,904.0,903.0
1631876966.371,903.0,903.0
1631876966.67,902.0,903.0
1631876966.969,903.0,903.0
1631876967.272,905.0,903.0
1631876967.571,903.0,903.0
1631876967.87,903.0,903.0
1631876968.173,903.0,903.0
1631876968.472,904.0,903.0
1631876968.771,903.0,903.0
1631876969.074,904.0,903.0
1631876969.373,902.0,903.0
1631876969.672,902.0,903.0
1631876969.975,902.0,903.0
1631876970.274,903.0,903.0
1631876970.574,903.0,902.0
1631876970.873,902.0,902.0
1631876971.176,903.0,902.0
1631876971.475,903.0,902.0
1631876971.774,902.0,902.0
1631876972.077,901.0,902.0
1631876972.376,903.0,902.0
1631876972.675,903.0,902.0
1631876972.978,903.0,902.0
1631876973.277,903.0,902.0
1631876973.576,903.0,902.0
1631876973.879,903.0,902.0
1631876974.178,900.0,902.0
1631876974.477,903.0,902.0
1631876974.776,903.0,902.0
1631876975.079,903.0,902.0
1631876975.378,902.0,902.0
1631876975.677,903.0,902.0
1631876975.98,903.0,902.0
1631876976.279,903.0,902.0
1631876976.578,903.0,902.0
1631876976.881,903.0,902.0
1631876977.18,903.0,902.0
1631876977.479,903.0,902.0
1631876977.782,904.0,902.0
1631876978.081,902.0,903.0
1631876978.38,904.0,902.0
1631876978.679,903.0,903.0
1631876978.982,902.0,903.0
1631876979.281,902.0,903.0
1631876979.58,903.0,902.0
1631876979.883,903.0,902.0
1631876980.182,904.0,902.0
1631876980.481,903.0,903.0
1631876980.784,903.0,903.0
1631876981.083,905.0,902.0
1631876981.382,903.0,903.0
1631876981.685,902.0,903.0
1631876981.984,902.0,903.0
1631876982.284,902.0,903.0
1631876982.583,903.0,903.0
1631876982.886,902.0,903.0
1631876983.185,902.0,902.0
1631876983.484,903.0,902.0
1631876983.786,902.0,902.0
1631876984.085,904.0,902.0
1631876984.385,902.0,902.0
1631876984.688,902.0,902.0
1631876984.987,903.0,902.0
1631876985.286,902.0,902.0
1631876985.589,903.0,902.0
1631876985.888,902.0,902.0
1631876986.187,903.0,902.0
1631876986.486,902.0,902.0
1631876986.789,903.0,902.0
1631876987.088,902.0,902.0
1631876987.387,902.0,902.0
1631876987.69,904.0,902.0
1631876987.989,902.0,902.0
1631876988.288,903.0,902.0
1631876988.591,902.0,902.0
1631876988.89,903.0,902.0
1631876989.189,902.0,902.0
1631876989.492,902.0,902.0
1631876989.791,902.0,902.0
1631876990.09,902.0,902.0
1631876990.389,903.0,902.0
1631876990.692,903.0,902.0
1631876990.991,902.0,902.0
1631876991.29,903.0,902.0
1631876991.593,903.0,902.0
1631876991.892,902.0,902.0
1631876992.191,902.0,902.0
1631876992.494,903.0,902.0
1631876992.793,903.0,902.0
1631876993.092,904.0,902.0
1631876993.395,903.0,902.0
1631876993.694,904.0,902.0
1631876993.993,903.0,902.0
1631876994.293,903.0,903.0
1631876994.595,901.0,903.0
1631876994.895,906.0,902.0
1631876995.194,902.0,903.0
1631876995.496,905.0,903.0
1631876995.796,903.0,903.0
1631876996.095,905.0,903.0
1631876996.398,902.0,903.0
1631876996.697,902.0,903.0
1631876996.996,903.0,903.0
1631876997.299,903.0,903.0
1631876997.598,902.0,903.0
1631876997.897,903.0,903.0
1631876998.2,903.0,903.0
1631876998.499,907.0,903.0
1631876998.798,903.0,903.0
1631876999.097,902.0,903.0
1631876999.4,902.0,903.0
1631876999.699,903.0,903.0
1631876999.998,906.0,903.0
1631877000.301,902.0,903.0
1631877000.6,902.0,903.0
1631877000.899,902.0,903.0
1631877001.202,903.0,903.0
1631877001.501,903.0,903.0
1631877001.8,903.0,902.0
1631877002.103,903.0,902.0
1631877002.402,904.0,902.0
1631877002.701,903.0,903.0
1631877003.0,902.0,903.0
1631877003.303,903.0,902.0
1631877003.602,902.0,902.0
1631877003.901,904.0,902.0
1631877004.204,906.0,903.0
1631877004.503,903.0,903.0
1631877004.802,903.0,903.0
1631877005.105,902.0,903.0
1631877005.404,903.0,903.0
1631877005.703,903.0,903.0
1631877006.006,902.0,903.0
1631877006.305,903.0,903.0
1631877006.604,901.0,903.0
1631877006.904,904.0,903.0
1631877007.206,902.0,903.0
1631877007.506,903.0,902.0
1631877007.805,903.0,902.0
1631877008.107,903.0,902.0
1631877008.407,904.0,902.0
1631877008.706,903.0,902.0
1631877009.009,903.0,902.0
1631877009.308,903.0,902.0
1631877009.607,903.0,902.0
1631877009.91,902.0,903.0
1631877010.209,903.0,902.0
1631877010.508,902.0,903.0
1631877010.807,903.0,902.0
1631877011.11,903.0,902.0
1631877011.409,903.0,902.0
1631877011.708,903.0,902.0
1631877012.011,903.0,902.0
1631877012.31,903.0,902.0
1631877012.609,903.0,902.0
1631877012.912,904.0,902.0
1631877013.211,903.0,903.0
1631877013.51,902.0,903.0
1631877013.813,903.0,903.0
1631877014.112,902.0,903.0
1631877014.411,903.0,902.0
1631877014.71,902.0,902.0
1631877015.013,903.0,902.0
1631877015.312,902.0,902.0
1631877015.611,903.0,902.0
1631877015.914,903.0,902.0
1631877016.213,902.0,902.0
1631877016.512,902.0,902.0
1631877016.815,902.0,902.0
1631877017.114,904.0,902.0
1631877017.413,902.0,902.0
1631877017.716,903.0,902.0
1631877018.015,903.0,902.0
1631877018.314,903.0,902.0
1631877018.613,904.0,902.0
1631877018.916,903.0,902.0
1631877019.215,903.0,902.0
1631877019.515,903.0,902.0
1631877019.817,903.0,903.0
1631877020.116,903.0,903.0
1631877020.416,903.0,903.0
1631877020.718,903.0,903.0
1631877021.018,903.0,903.0
1631877021.317,903.0,903.0
1631877021.62,902.0,903.0
1631877021.919,903.0,902.0
1631877022.218,906.0,902.0
1631877022.517,903.0,903.0
1631877022.82,903.0,903.0
1631877023.119,902.0,903.0
1631877023.418,904.0,903.0
1631877023.721,903.0,903.0
1631877024.02,903.0,903.0
1631877024.319,904.0,903.0
1631877024.622,902.0,903.0
1631877024.921,903.0,903.0
1631877025.22,902.0,903.0
1631877025.523,905.0,902.0
1631877025.822,903.0,903.0
1631877026.121,903.0,903.0
1631877026.42,904.0,903.0
1631877026.723,902.0,903.0
1631877027.022,903.0,903.0
1631877027.321,902.0,903.0
1631877027.624,902.0,902.0
1631877027.923,904.0,902.0
1631877028.222,902.0,903.0
1631877028.525,902.0,903.0
1631877028.824,902.0,902.0
1631877029.123,904.0,902.0
1631877029.426,903.0,902.0
1631877029.725,904.0,902.0
1631877030.024,903.0,902.0
1631877030.323,903.0,902.0
1631877030.626,902.0,902.0
1631877030.925,903.0,902.0
1631877031.224,903.0,902.0
1631877031.527,905.0,902.0
1631877031.826,902.0,903.0
1631877032.126,903.0,903.0
1631877032.428,903.0,903.0
1631877032.727,903.0,903.0
1631877033.027,902.0,903.0
1631877033.33,903.0,902.0
1631877033.628,902.0,902.0
1631877033.927,904.0,902.0
1631877034.227,902.0,903.0
1631877034.53,903.0,902.0
1631877034.829,902.0,902.0
1631877035.128,904.0,902.0
1631877035.431,902.0,902.0
1631877035.73,903.0,902.0
1631877036.029,903.0,902.0
1631877036.332,903.0,902.0
1631877036.631,902.0,902.0
1631877036.93,903.0,902.0
1631877037.233,903.0,902.0
1631877037.532,903.0,902.0
1631877037.831,904.0,902.0
1631877038.13,902.0,903.0
1631877038.433,902.0,902.0
1631877038.732,903.0,902.0
1631877039.031,903.0,902.0
1631877039.334,902.0,902.0
1631877039.633,903.0,902.0
1631877039.932,903.0,902.0
1631877040.235,902.0,902.0
1631877040.534,902.0,902.0
1631877040.833,904.0,902.0
1631877041.136,903.0,902.0
1631877041.435,902.0,902.0
1631877041.734,903.0,902.0
1631877042.037,903.0,902.0
1631877042.336,903.0,902.0
1631877042.635,903.0,902.0
1631877042.934,903.0,902.0
1631877043.237,903.0,902.0
1631877043.536,903.0,902.0
1631877043.835,902.0,903.0
1631877044.138,902.0,902.0
1631877044.437,902.0,902.0
1631877044.737,902.0,902.0
1631877045.039,903.0,902.0
1631877045.339,903.0,902.0
1631877045.638,906.0,902.0
1631877045.941,903.0,902.0
1631877046.24,903.0,902.0
1631877046.539,904.0,902.0
1631877046.838,902.0,903.0
1631877047.141,907.0,903.0
1631877047.44,903.0,903.0
1631877047.739,903.0,903.0
1631877048.042,902.0,903.0
1631877048.341,903.0,903.0
1631877048.64,903.0,903.0
1631877048.943,903.0,903.0
1631877049.242,902.0,903.0
1631877049.541,903.0,903.0
1631877049.844,902.0,903.0
1631877050.143,901.0,903.0
1631877050.442,902.0,902.0
1631877050.741,902.0,902.0
1631877051.044,903.0,902.0
1631877051.343,902.0,902.0
1631877051.642,902.0,902.0
1631877051.945,902.0,902.0
1631877052.244,903.0,902.0
1631877052.543,902.0,902.0
1631877052.846,902.0,902.0
1631877053.145,903.0,902.0
1631877053.444,903.0,902.0
1631877053.747,903.0,902.0
1631877054.046,902.0,902.0
1631877054.345,903.0,902.0
1631877054.644,903.0,902.0
1631877054.947,903.0,902.0
1631877055.246,902.0,902.0
1631877055.546,902.0,902.0
1631877055.848,903.0,902.0
1631877056.147,903.0,902.0
1631877056.447,903.0,902.0
1631877056.749,904.0,902.0
1631877057.048,903.0,902.0
1631877057.348,902.0,902.0
1631877057.65,904.0,902.0
1631877057.95,904.0,902.0
1631877058.249,902.0,903.0
1631877058.548,902.0,903.0
1631877058.851,905.0,903.0
1631877059.15,903.0,903.0
1631877059.449,902.0,903.0
1631877059.752,902.0,903.0
1631877060.051,903.0,902.0
1631877060.35,903.0,902.0
1631877060.653,903.0,903.0
1631877060.952,903.0,902.0
1631877061.251,903.0,902.0
1631877061.554,903.0,902.0
1631877061.853,902.0,903.0
1631877062.152,902.0,902.0
1631877062.451,902.0,902.0
1631877062.754,905.0,902.0
1631877063.053,903.0,902.0
1631877063.352,903.0,902.0
1631877063.655,902.0,902.0
1631877063.954,903.0,902.0
1631877064.253,902.0,902.0
1631877064.556,903.0,902.0
1631877064.855,903.0,902.0
1631877065.154,903.0,902.0
1631877065.457,901.0,902.0
1631877065.756,903.0,902.0
1631877066.055,902.0,902.0
1631877066.354,901.0,902.0
1631877066.657,902.0,902.0
1631877066.956,902.0,902.0
1631877067.255,901.0,902.0
1631877067.558,902.0,902.0
1631877067.857,903.0,902.0
1631877068.156,903.0,902.0
1631877068.459,903.0,902.0
1631877068.758,903.0,902.0
1631877069.057,901.0,902.0
1631877069.36,902.0,902.0
1631877069.66,902.0,902.0
1631877069.959,902.0,902.0
1631877070.257,903.0,902.0
1631877070.56,903.0,902.0
1631877070.86,902.0,902.0
1631877071.159,902.0,902.0
1631877071.462,901.0,902.0
1631877071.761,902.0,902.0
1631877072.06,903.0,902.0
1631877072.363,903.0,902.0
1631877072.662,902.0,902.0
1631877072.961,902.0,902.0
1631877073.264,902.0,902.0
1631877073.563,902.0,902.0
1631877073.862,902.0,902.0
1631877074.161,903.0,902.0
1631877074.464,903.0,902.0
1631877074.763,901.0,902.0
1631877075.062,902.0,902.0
1631877075.365,902.0,902.0
1631877075.664,902.0,902.0
1631877075.963,902.0,902.0
1631877076.266,903.0,902.0
1631877076.565,902.0,902.0
1631877076.864,903.0,902.0
1631877077.167,903.0,902.0
1631877077.466,902.0,902.0
1631877077.765,902.0,902.0
1631877078.064,903.0,902.0
1631877078.367,903.0,902.0
1631877078.666,901.0,902.0
1631877078.965,904.0,902.0
1631877079.268,902.0,902.0
1631877079.567,901.0,902.0
1631877079.866,904.0,902.0
1631877080.169,902.0,902.0
1631877080.468,903.0,902.0
1631877080.767,902.0,902.0
1631877081.07,902.0,902.0
1631877081.369,902.0,902.0
1631877081.668,902.0,902.0
1631877081.968,903.0,902.0
1631877082.271,902.0,902.0
1631877082.57,902.0,902.0
1631877082.869,903.0,902.0
1631877083.172,903.0,902.0
1631877083.471,904.0,902.0
1631877083.77,904.0,902.0
1631877084.073,902.0,902.0
1631877084.372,903.0,902.0
1631877084.671,902.0,902.0
1631877084.974,903.0,902.0
1631877085.273,903.0,902.0
1631877085.572,904.0,902.0
1631877085.875,901.0,903.0
1631877086.174,903.0,902.0
1631877086.473,903.0,902.0
1631877086.772,902.0,902.0
