1631893181.342,703.0,0.0
1631893181.645,709.0,704.0
1631893181.944,707.0,704.0
1631893182.243,705.0,705.0
1631893182.546,711.0,705.0
1631893182.845,706.0,705.0
1631893183.144,709.0,705.0
1631893183.443,708.0,706.0
1631893183.746,708.0,706.0
1631893184.045,704.0,707.0
1631893184.344,703.0,707.0
1631893184.647,705.0,707.0
1631893184.946,707.0,706.0
1631893185.245,709.0,706.0
1631893185.548,702.0,707.0
1631893185.847,704.0,706.0
1631893186.146,705.0,705.0
1631893186.449,707.0,705.0
1631893186.748,704.0,705.0
1631893187.047,707.0,705.0
1631893187.35,709.0,705.0
1631893187.649,704.0,705.0
1631893187.948,708.0,705.0
1631893188.247,708.0,705.0
1631893188.55,705.0,705.0
1631893188.849,708.0,706.0
1631893189.148,704.0,706.0
1631893189.451,704.0,706.0
1631893189.75,708.0,706.0
1631893190.049,708.0,706.0
1631893190.352,711.0,706.0
1631893190.651,704.0,706.0
1631893190.951,703.0,706.0
1631893191.254,711.0,706.0
1631893191.553,707.0,706.0
1631893191.852,706.0,706.0
1631893192.151,706.0,706.0
1631893192.454,706.0,706.0
1631893192.753,706.0,707.0
1631893193.052,705.0,706.0
1631893193.355,706.0,706.0
1631893193.654,706.0,706.0
1631893193.953,704.0,706.0
1631893194.256,705.0,706.0
1631893194.555,709.0,705.0
1631893194.854,709.0,705.0
1631893195.157,710.0,706.0
1631893195.456,707.0,706.0
1631893195.755,705.0,706.0
1631893196.054,708.0,706.0
1631893196.357,705.0,706.0
1631893196.656,701.0,706.0
1631893196.955,706.0,706.0
1631893197.258,704.0,706.0
1631893197.557,709.0,706.0
1631893197.856,706.0,706.0
1631893198.159,707.0,706.0
1631893198.458,709.0,705.0
1631893198.757,708.0,706.0
1631893199.06,708.0,706.0
1631893199.359,702.0,706.0
1631893199.658,708.0,706.0
1631893199.957,702.0,706.0
1631893200.26,704.0,706.0
1631893200.559,706.0,706.0
1631893200.858,704.0,706.0
1631893201.161,707.0,705.0
1631893201.46,706.0,705.0
1631893201.76,705.0,705.0
1631893202.062,704.0,705.0
1631893202.361,708.0,704.0
1631893202.661,706.0,705.0
1631893202.963,706.0,705.0
1631893203.263,707.0,705.0
1631893203.562,705.0,705.0
1631893203.861,702.0,705.0
1631893204.164,703.0,705.0
1631893204.463,707.0,705.0
1631893204.762,704.0,705.0
1631893205.065,708.0,705.0
1631893205.364,706.0,705.0
1631893205.663,707.0,705.0
1631893205.966,706.0,705.0
1631893206.265,706.0,705.0
1631893206.564,704.0,705.0
1631893206.867,703.0,705.0
1631893207.166,709.0,705.0
1631893207.465,703.0,706.0
1631893207.764,703.0,705.0
1631893208.067,706.0,705.0
1631893208.366,704.0,705.0
1631893208.665,707.0,705.0
1631893208.968,705.0,705.0
1631893209.267,703.0,705.0
1631893209.566,706.0,704.0
1631893209.869,705.0,704.0
1631893210.168,705.0,705.0
1631893210.467,709.0,704.0
1631893210.77,705.0,705.0
1631893211.069,705.0,705.0
1631893211.368,703.0,705.0
1631893211.667,706.0,705.0
1631893211.97,705.0,705.0
1631893212.269,709.0,705.0
1631893212.568,706.0,705.0
1631893212.871,707.0,705.0
1631893213.17,706.0,706.0
1631893213.469,699.0,706.0
1631893213.772,705.0,705.0
1631893214.071,705.0,705.0
1631893214.37,703.0,705.0
1631893214.673,706.0,705.0
1631893214.972,707.0,705.0
1631893215.272,709.0,705.0
1631893215.571,708.0,705.0
1631893215.874,713.0,705.0
1631893216.173,708.0,706.0
1631893216.472,712.0,706.0
1631893216.775,714.0,707.0
1631893217.074,711.0,708.0
1631893217.373,715.0,709.0
1631893217.676,717.0,710.0
1631893217.975,727.0,711.0
1631893218.274,717.0,713.0
1631893218.577,716.0,714.0
1631893218.876,708.0,715.0
1631893219.175,714.0,714.0
1631893219.474,712.0,715.0
1631893219.777,720.0,715.0
1631893220.076,715.0,715.0
1631893220.375,717.0,716.0
1631893220.678,716.0,716.0
1631893220.977,719.0,716.0
1631893221.276,717.0,715.0
1631893221.579,712.0,715.0
1631893221.878,710.0,715.0
1631893222.177,714.0,715.0
1631893222.48,713.0,715.0
1631893222.779,715.0,715.0
1631893223.078,715.0,714.0
1631893223.377,713.0,714.0
1631893223.68,714.0,714.0
1631893223.979,717.0,714.0
1631893224.278,715.0,714.0
1631893224.581,717.0,713.0
1631893224.88,713.0,714.0
1631893225.179,714.0,714.0
1631893225.482,714.0,714.0
1631893225.781,713.0,714.0
1631893226.08,711.0,714.0
1631893226.383,711.0,714.0
1631893226.682,709.0,713.0
1631893226.981,714.0,713.0
1631893227.281,714.0,713.0
1631893227.584,711.0,713.0
1631893227.883,710.0,712.0
1631893228.182,715.0,712.0
1631893228.485,715.0,712.0
1631893228.784,713.0,712.0
1631893229.083,711.0,712.0
1631893229.386,710.0,712.0
1631893229.685,710.0,712.0
1631893229.984,708.0,712.0
1631893230.287,710.0,711.0
1631893230.586,708.0,711.0
1631893230.885,709.0,711.0
1631893231.184,708.0,710.0
1631893231.487,711.0,710.0
1631893231.786,710.0,709.0
1631893232.085,712.0,709.0
1631893232.388,711.0,709.0
1631893232.687,708.0,709.0
1631893232.986,712.0,709.0
1631893233.289,708.0,709.0
1631893233.588,707.0,709.0
1631893233.887,713.0,709.0
1631893234.19,713.0,710.0
1631893234.489,709.0,710.0
1631893234.788,709.0,710.0
1631893235.087,710.0,710.0
1631893235.39,710.0,710.0
1631893235.689,712.0,709.0
1631893235.988,711.0,710.0
1631893236.291,711.0,710.0
1631893236.59,713.0,710.0
1631893236.889,711.0,711.0
1631893237.192,712.0,710.0
1631893237.491,714.0,710.0
1631893237.79,713.0,711.0
1631893238.093,709.0,711.0
1631893238.392,710.0,711.0
1631893238.692,710.0,711.0
1631893238.991,711.0,711.0
1631893239.294,711.0,711.0
1631893239.593,708.0,711.0
1631893239.892,715.0,710.0
1631893240.201,707.0,711.0
1631893240.493,712.0,710.0
1631893240.792,710.0,710.0
1631893241.095,710.0,710.0
1631893241.395,708.0,710.0
1631893241.694,710.0,710.0
1631893241.997,711.0,710.0
1631893242.296,712.0,710.0
1631893242.595,710.0,710.0
1631893242.894,713.0,710.0
1631893243.197,713.0,710.0
1631893243.496,709.0,710.0
1631893243.795,712.0,710.0
1631893244.098,713.0,710.0
1631893244.397,710.0,711.0
1631893244.696,712.0,711.0
1631893244.999,711.0,711.0
1631893245.298,705.0,711.0
1631893245.597,706.0,710.0
1631893245.9,709.0,710.0
1631893246.199,713.0,710.0
1631893246.498,710.0,710.0
1631893246.797,706.0,710.0
1631893247.1,712.0,709.0
1631893247.399,713.0,709.0
1631893247.698,710.0,709.0
1631893248.001,710.0,709.0
1631893248.3,708.0,709.0
1631893248.599,712.0,709.0
1631893248.902,714.0,710.0
1631893249.201,711.0,710.0
1631893249.5,709.0,710.0
1631893249.803,707.0,710.0
1631893250.102,710.0,710.0
1631893250.401,712.0,710.0
1631893250.7,709.0,710.0
1631893251.003,709.0,710.0
1631893251.302,709.0,710.0
1631893251.602,712.0,710.0
1631893251.904,711.0,710.0
1631893252.204,708.0,709.0
1631893252.503,713.0,709.0
1631893252.805,708.0,710.0
1631893253.104,709.0,710.0
1631893253.404,715.0,710.0
1631893253.707,722.0,710.0
1631893254.006,713.0,711.0
1631893254.305,727.0,712.0
1631893254.604,723.0,713.0
1631893254.907,716.0,714.0
1631893255.206,718.0,715.0
1631893255.505,714.0,716.0
1631893255.808,716.0,716.0
1631893256.107,726.0,717.0
1631893256.406,729.0,719.0
1631893256.709,726.0,720.0
1631893257.008,728.0,720.0
1631893257.307,719.0,722.0
1631893257.61,719.0,721.0
1631893257.909,724.0,721.0
1631893258.208,722.0,721.0
1631893258.507,725.0,722.0
1631893258.81,724.0,723.0
1631893259.109,720.0,724.0
1631893259.408,716.0,723.0
1631893259.711,715.0,722.0
1631893260.01,719.0,721.0
1631893260.309,721.0,720.0
1631893260.612,719.0,720.0
1631893260.911,715.0,720.0
1631893261.21,718.0,719.0
1631893261.513,714.0,719.0
1631893261.812,715.0,718.0
1631893262.111,714.0,717.0
1631893262.414,713.0,716.0
1631893262.713,715.0,716.0
1631893263.012,713.0,716.0
1631893263.311,716.0,715.0
1631893263.614,716.0,715.0
1631893263.914,718.0,714.0
1631893264.213,718.0,715.0
1631893264.515,716.0,715.0
1631893264.815,714.0,715.0
1631893265.114,715.0,715.0
1631893265.417,718.0,715.0
1631893265.716,717.0,715.0
1631893266.015,714.0,716.0
1631893266.318,716.0,716.0
1631893266.617,711.0,716.0
1631893266.916,715.0,715.0
1631893267.215,719.0,715.0
1631893267.518,718.0,715.0
1631893267.817,717.0,715.0
1631893268.116,717.0,716.0
1631893268.419,713.0,716.0
1631893268.718,713.0,715.0
1631893269.017,715.0,715.0
1631893269.32,716.0,715.0
1631893269.619,717.0,715.0
1631893269.918,714.0,716.0
1631893270.221,717.0,715.0
1631893270.52,714.0,715.0
1631893270.819,717.0,715.0
1631893271.118,714.0,715.0
1631893271.421,717.0,715.0
1631893271.72,715.0,715.0
1631893272.019,715.0,715.0
1631893272.322,712.0,715.0
1631893272.621,715.0,715.0
1631893272.92,713.0,715.0
1631893273.223,717.0,714.0
1631893273.522,714.0,714.0
1631893273.821,718.0,714.0
1631893274.124,713.0,715.0
1631893274.423,717.0,714.0
1631893274.722,713.0,714.0
1631893275.021,715.0,714.0
1631893275.324,714.0,714.0
1631893275.623,719.0,714.0
1631893275.922,717.0,715.0
1631893276.225,716.0,715.0
1631893276.524,712.0,715.0
1631893276.824,714.0,715.0
1631893277.126,716.0,715.0
1631893277.426,714.0,715.0
1631893277.725,717.0,715.0
1631893278.028,714.0,715.0
1631893278.327,716.0,715.0
1631893278.626,714.0,715.0
1631893278.925,712.0,715.0
1631893279.228,714.0,714.0
1631893279.527,714.0,714.0
1631893279.826,714.0,714.0
1631893280.129,716.0,714.0
1631893280.428,716.0,714.0
1631893280.727,712.0,714.0
1631893281.03,718.0,714.0
1631893281.329,710.0,714.0
1631893281.628,717.0,714.0
1631893281.931,714.0,714.0
1631893282.23,710.0,714.0
1631893282.529,714.0,714.0
1631893282.828,714.0,714.0
1631893283.131,715.0,714.0
1631893283.43,711.0,714.0
1631893283.729,713.0,713.0
1631893284.032,715.0,713.0
1631893284.331,714.0,713.0
1631893284.63,715.0,713.0
1631893284.933,712.0,713.0
1631893285.232,714.0,713.0
1631893285.531,715.0,713.0
1631893285.834,712.0,713.0
1631893286.133,714.0,713.0
1631893286.432,714.0,713.0
1631893286.731,719.0,713.0
1631893287.034,715.0,714.0
1631893287.333,717.0,714.0
1631893287.632,714.0,714.0
1631893287.935,717.0,714.0
1631893288.234,715.0,715.0
1631893288.534,713.0,715.0
1631893288.836,713.0,715.0
1631893289.135,710.0,715.0
1631893289.435,718.0,714.0
1631893289.737,712.0,715.0
1631893290.037,712.0,714.0
1631893290.336,715.0,714.0
1631893290.635,716.0,713.0
1631893290.938,718.0,714.0
1631893291.237,713.0,714.0
1631893291.536,718.0,714.0
1631893291.839,723.0,714.0
1631893292.138,717.0,715.0
1631893292.437,719.0,716.0
1631893292.74,719.0,716.0
1631893293.039,719.0,717.0
1631893293.338,717.0,717.0
1631893293.641,725.0,717.0
1631893293.94,722.0,718.0
1631893294.239,722.0,719.0
1631893294.538,722.0,720.0
1631893294.841,731.0,720.0
1631893295.14,729.0,721.0
1631893295.439,723.0,722.0
1631893295.742,725.0,722.0
1631893296.058,723.0,723.0
1631893296.34,725.0,723.0
1631893296.643,726.0,724.0
1631893296.942,729.0,724.0
1631893297.241,725.0,725.0
1631893297.544,721.0,725.0
1631893297.843,725.0,725.0
1631893298.142,725.0,725.0
1631893298.441,722.0,724.0
1631893298.744,722.0,724.0
1631893299.043,720.0,724.0
1631893299.342,722.0,724.0
1631893299.645,722.0,723.0
1631893299.944,723.0,723.0
1631893300.244,720.0,722.0
1631893300.546,720.0,722.0
1631893300.845,718.0,722.0
1631893301.144,722.0,721.0
1631893301.447,725.0,721.0
1631893301.747,722.0,721.0
1631893302.046,723.0,721.0
1631893302.345,720.0,721.0
1631893302.648,722.0,721.0
1631893302.947,718.0,721.0
1631893303.246,721.0,721.0
1631893303.549,719.0,721.0
1631893303.848,722.0,721.0
1631893304.147,721.0,721.0
1631893304.45,719.0,721.0
1631893304.749,717.0,720.0
1631893305.048,718.0,720.0
1631893305.351,716.0,719.0
1631893305.65,717.0,719.0
1631893305.949,720.0,718.0
1631893306.248,719.0,719.0
1631893306.551,716.0,718.0
1631893306.85,721.0,718.0
1631893307.149,725.0,718.0
1631893307.452,722.0,718.0
1631893307.751,722.0,719.0
1631893308.05,719.0,719.0
1631893308.353,723.0,719.0
1631893308.652,720.0,720.0
1631893308.951,719.0,720.0
1631893309.254,720.0,720.0
1631893309.553,718.0,720.0
1631893309.852,722.0,720.0
1631893310.151,719.0,721.0
1631893310.454,720.0,720.0
1631893310.753,721.0,720.0
1631893311.052,719.0,720.0
1631893311.355,723.0,720.0
1631893311.654,721.0,720.0
1631893311.953,717.0,720.0
1631893312.256,721.0,720.0
1631893312.555,719.0,720.0
1631893312.854,720.0,720.0
1631893313.158,719.0,720.0
1631893313.456,719.0,720.0
1631893313.756,718.0,719.0
1631893314.055,723.0,719.0
1631893314.358,720.0,720.0
1631893314.657,720.0,719.0
1631893314.956,717.0,719.0
1631893315.259,719.0,719.0
1631893315.558,721.0,719.0
1631893315.857,716.0,719.0
1631893316.16,716.0,719.0
1631893316.459,718.0,718.0
1631893316.758,720.0,718.0
1631893317.061,723.0,719.0
1631893317.36,720.0,719.0
1631893317.659,723.0,719.0
1631893317.958,716.0,719.0
1631893318.261,719.0,719.0
1631893318.56,720.0,719.0
1631893318.859,718.0,719.0
1631893319.162,718.0,719.0
1631893319.461,721.0,719.0
1631893319.76,721.0,719.0
1631893320.063,718.0,719.0
1631893320.362,716.0,719.0
1631893320.661,716.0,719.0
1631893320.964,717.0,718.0
1631893321.263,717.0,718.0
1631893321.562,717.0,718.0
1631893321.861,716.0,717.0
1631893322.164,716.0,717.0
1631893322.463,719.0,717.0
1631893322.762,716.0,717.0
1631893323.065,721.0,716.0
1631893323.364,721.0,717.0
1631893323.663,721.0,717.0
1631893323.966,721.0,718.0
1631893324.265,715.0,718.0
1631893324.564,720.0,718.0
1631893324.867,719.0,718.0
1631893325.166,718.0,718.0
1631893325.465,722.0,719.0
1631893325.765,720.0,719.0
1631893326.068,722.0,719.0
1631893326.367,721.0,719.0
1631893326.666,718.0,719.0
1631893326.969,721.0,719.0
1631893327.268,720.0,719.0
1631893327.567,722.0,720.0
1631893327.87,720.0,720.0
1631893328.169,716.0,720.0
1631893328.468,719.0,720.0
1631893328.771,721.0,719.0
1631893329.07,716.0,720.0
1631893329.369,715.0,719.0
1631893329.668,720.0,718.0
1631893329.971,717.0,719.0
1631893330.27,721.0,718.0
1631893330.569,719.0,718.0
1631893330.872,725.0,718.0
1631893331.171,726.0,718.0
1631893331.47,720.0,719.0
1631893331.773,726.0,720.0
1631893332.072,726.0,720.0
1631893332.371,720.0,721.0
1631893332.674,722.0,722.0
1631893332.973,734.0,722.0
1631893333.272,735.0,723.0
1631893333.571,733.0,725.0
1631893333.874,727.0,726.0
1631893334.173,724.0,726.0
1631893334.472,732.0,726.0
1631893334.775,729.0,727.0
1631893335.074,730.0,728.0
1631893335.373,733.0,728.0
1631893335.676,729.0,729.0
1631893335.975,729.0,730.0
1631893336.274,729.0,730.0
1631893336.577,733.0,729.0
1631893336.876,727.0,729.0
1631893337.175,721.0,729.0
1631893337.478,726.0,729.0
1631893337.777,725.0,728.0
1631893338.077,723.0,728.0
1631893338.376,725.0,727.0
1631893338.678,727.0,726.0
1631893338.978,726.0,726.0
1631893339.277,720.0,726.0
1631893339.58,727.0,725.0
1631893339.879,726.0,724.0
1631893340.178,729.0,724.0
1631893340.481,725.0,725.0
1631893340.78,726.0,725.0
1631893341.079,725.0,725.0
1631893341.382,725.0,725.0
1631893341.681,723.0,725.0
1631893341.98,724.0,725.0
1631893342.279,723.0,725.0
1631893342.582,725.0,725.0
1631893342.881,726.0,725.0
1631893343.18,725.0,725.0
1631893343.483,725.0,724.0
1631893343.782,726.0,724.0
1631893344.081,728.0,724.0
1631893344.384,723.0,725.0
1631893344.683,724.0,724.0
1631893344.982,722.0,724.0
1631893345.285,724.0,724.0
1631893345.584,724.0,724.0
1631893345.883,722.0,724.0
1631893346.182,722.0,724.0
1631893346.485,723.0,724.0
1631893346.784,723.0,723.0
1631893347.083,725.0,723.0
1631893347.386,722.0,723.0
1631893347.685,721.0,723.0
1631893347.984,725.0,722.0
1631893348.287,722.0,723.0
1631893348.586,722.0,722.0
1631893348.885,724.0,722.0
1631893349.188,720.0,722.0
1631893349.487,723.0,722.0
1631893349.786,721.0,722.0
1631893350.086,718.0,722.0
1631893350.388,722.0,721.0
1631893350.687,722.0,721.0
1631893350.987,724.0,721.0
1631893351.29,720.0,721.0
1631893351.589,724.0,721.0
1631893351.888,723.0,721.0
1631893352.191,722.0,721.0
1631893352.49,724.0,721.0
1631893352.789,724.0,722.0
1631893353.092,723.0,722.0
1631893353.391,723.0,722.0
1631893353.69,723.0,722.0
1631893353.989,723.0,723.0
1631893354.292,724.0,722.0
1631893354.591,725.0,723.0
1631893354.89,721.0,723.0
1631893355.193,723.0,723.0
1631893355.492,724.0,723.0
1631893355.791,722.0,723.0
1631893356.094,724.0,723.0
1631893356.393,723.0,723.0
1631893356.692,724.0,723.0
1631893356.995,726.0,723.0
1631893357.294,727.0,723.0
1631893357.593,720.0,723.0
1631893357.892,723.0,723.0
1631893358.195,725.0,723.0
1631893358.494,724.0,723.0
1631893358.793,727.0,723.0
1631893359.096,725.0,724.0
1631893359.395,722.0,724.0
1631893359.694,721.0,724.0
1631893359.997,728.0,724.0
1631893360.296,726.0,724.0
1631893360.595,726.0,724.0
1631893360.898,727.0,724.0
1631893361.197,722.0,725.0
1631893361.496,722.0,724.0
1631893361.796,722.0,724.0
1631893362.098,722.0,724.0
1631893362.398,724.0,723.0
1631893362.697,721.0,724.0
1631893362.999,722.0,724.0
1631893363.299,724.0,723.0
1631893363.598,722.0,723.0
1631893363.901,721.0,722.0
1631893364.2,726.0,722.0
1631893364.499,722.0,722.0
1631893364.802,720.0,722.0
1631893365.101,721.0,722.0
1631893365.4,723.0,722.0
1631893365.699,725.0,722.0
1631893366.002,723.0,722.0
1631893366.301,726.0,722.0
1631893366.6,725.0,722.0
1631893366.903,720.0,723.0
1631893367.202,723.0,723.0
1631893367.501,726.0,722.0
1631893367.804,725.0,723.0
1631893368.103,725.0,723.0
1631893368.402,725.0,724.0
1631893368.705,723.0,724.0
1631893369.004,718.0,724.0
1631893369.303,727.0,723.0
1631893369.602,724.0,723.0
1631893369.905,720.0,723.0
1631893370.204,723.0,723.0
1631893370.503,722.0,723.0
1631893370.806,724.0,723.0
1631893371.105,722.0,723.0
1631893371.404,722.0,722.0
1631893371.707,723.0,722.0
1631893372.006,722.0,722.0
1631893372.305,722.0,722.0
1631893372.608,723.0,722.0
1631893372.907,722.0,722.0
1631893373.206,725.0,722.0
1631893373.505,724.0,722.0
1631893373.808,724.0,722.0
1631893374.107,722.0,722.0
1631893374.407,723.0,722.0
1631893374.709,724.0,723.0
1631893375.008,723.0,723.0
1631893375.308,725.0,723.0
1631893375.61,723.0,723.0
1631893375.91,726.0,723.0
1631893376.209,724.0,723.0
1631893376.512,724.0,723.0
1631893376.811,721.0,723.0
1631893377.11,723.0,723.0
1631893377.409,720.0,723.0
1631893377.712,722.0,723.0
1631893378.011,725.0,723.0
1631893378.31,724.0,723.0
1631893378.613,723.0,723.0
1631893378.912,722.0,723.0
1631893379.211,725.0,722.0
1631893379.514,727.0,722.0
1631893379.813,725.0,723.0
1631893380.112,725.0,723.0
1631893380.415,722.0,723.0
1631893380.714,724.0,724.0
1631893381.013,725.0,724.0
1631893381.312,723.0,724.0
1631893381.615,722.0,724.0
1631893381.914,725.0,724.0
1631893382.213,723.0,724.0
1631893382.516,723.0,724.0
1631893382.815,720.0,723.0
1631893383.114,723.0,723.0
1631893383.417,729.0,723.0
1631893383.716,723.0,723.0
1631893384.015,721.0,723.0
1631893384.318,724.0,723.0
1631893384.617,723.0,723.0
1631893384.916,724.0,723.0
1631893385.215,723.0,723.0
1631893385.518,726.0,723.0
1631893385.817,720.0,723.0
1631893386.116,719.0,723.0
1631893386.419,720.0,723.0
1631893386.718,724.0,722.0
1631893387.018,722.0,722.0
1631893387.32,722.0,722.0
1631893387.619,722.0,722.0
1631893387.919,725.0,722.0
1631893388.221,722.0,722.0
1631893388.521,718.0,722.0
1631893388.82,723.0,721.0
1631893389.119,727.0,721.0
1631893389.422,721.0,722.0
1631893389.721,721.0,722.0
1631893390.02,719.0,722.0
1631893390.323,723.0,722.0
1631893390.622,719.0,722.0
1631893390.921,719.0,721.0
1631893391.224,723.0,721.0
1631893391.523,720.0,721.0
1631893391.822,722.0,721.0
1631893392.125,724.0,721.0
1631893392.424,728.0,721.0
1631893392.723,721.0,721.0
1631893393.022,722.0,721.0
1631893393.325,721.0,722.0
1631893393.624,721.0,721.0
1631893393.923,722.0,722.0
1631893394.226,720.0,722.0
1631893394.525,723.0,722.0
1631893394.824,722.0,722.0
1631893395.127,720.0,722.0
1631893395.426,727.0,722.0
1631893395.725,725.0,721.0
1631893396.028,721.0,722.0
1631893396.327,721.0,722.0
1631893396.626,722.0,722.0
1631893396.925,724.0,722.0
1631893397.228,724.0,722.0
1631893397.527,723.0,722.0
1631893397.826,721.0,722.0
1631893398.129,722.0,722.0
1631893398.428,724.0,723.0
1631893398.727,722.0,722.0
1631893399.03,723.0,722.0
1631893399.329,724.0,722.0
1631893399.629,721.0,722.0
1631893399.931,722.0,722.0
1631893400.231,720.0,722.0
1631893400.53,724.0,722.0
1631893400.829,725.0,722.0
1631893401.132,725.0,722.0
1631893401.431,724.0,723.0
1631893401.73,725.0,723.0
1631893402.033,727.0,723.0
1631893402.332,722.0,723.0
1631893402.631,722.0,723.0
1631893402.934,724.0,723.0
1631893403.233,722.0,723.0
1631893403.532,723.0,724.0
1631893403.835,720.0,723.0
1631893404.134,723.0,723.0
1631893404.433,726.0,723.0
1631893404.732,720.0,723.0
1631893405.035,719.0,722.0
1631893405.334,722.0,722.0
1631893405.633,725.0,722.0
1631893405.936,721.0,722.0
1631893406.235,722.0,722.0
1631893406.534,721.0,722.0
1631893406.837,722.0,721.0
1631893407.136,724.0,722.0
1631893407.435,726.0,722.0
1631893407.738,721.0,722.0
1631893408.037,721.0,722.0
1631893408.336,724.0,722.0
1631893408.635,721.0,722.0
1631893408.938,721.0,722.0
1631893409.237,723.0,722.0
1631893409.536,724.0,722.0
1631893409.839,723.0,722.0
1631893410.138,724.0,722.0
1631893410.437,720.0,722.0
1631893410.74,723.0,722.0
1631893411.039,720.0,722.0
1631893411.339,723.0,722.0
1631893411.641,722.0,722.0
1631893411.94,723.0,722.0
1631893412.24,720.0,722.0
1631893412.539,727.0,722.0
1631893412.842,720.0,722.0
1631893413.14,720.0,722.0
1631893413.439,722.0,721.0
1631893413.743,723.0,722.0
1631893414.042,723.0,722.0
1631893414.341,718.0,722.0
1631893414.644,723.0,721.0
1631893414.943,726.0,721.0
1631893415.242,721.0,722.0
1631893415.545,726.0,722.0
1631893415.844,721.0,722.0
1631893416.143,723.0,722.0
1631893416.442,722.0,722.0
1631893416.745,722.0,722.0
1631893417.044,722.0,722.0
1631893417.343,721.0,722.0
1631893417.646,723.0,722.0
1631893417.945,724.0,722.0
1631893418.244,721.0,722.0
1631893418.547,724.0,722.0
1631893418.846,724.0,722.0
1631893419.145,723.0,722.0
1631893419.448,720.0,722.0
1631893419.747,721.0,722.0
1631893420.046,720.0,722.0
1631893420.349,723.0,722.0
1631893420.648,720.0,722.0
1631893420.947,720.0,722.0
1631893421.246,724.0,721.0
1631893421.549,720.0,721.0
1631893421.848,719.0,721.0
1631893422.147,717.0,721.0
1631893422.45,724.0,720.0
1631893422.749,723.0,720.0
1631893423.048,718.0,721.0
1631893423.351,721.0,720.0
1631893423.65,718.0,720.0
1631893423.949,722.0,720.0
1631893424.252,724.0,720.0
1631893424.552,723.0,720.0
1631893424.851,722.0,720.0
1631893425.15,722.0,721.0
1631893425.453,724.0,721.0
1631893425.752,724.0,721.0
1631893426.051,723.0,721.0
1631893426.354,722.0,722.0
1631893426.653,723.0,722.0
1631893426.952,721.0,722.0
1631893427.255,721.0,722.0
1631893427.554,718.0,722.0
1631893427.853,721.0,722.0
1631893428.156,719.0,721.0
1631893428.455,722.0,721.0
1631893428.754,722.0,721.0
1631893429.053,721.0,721.0
1631893429.356,720.0,721.0
1631893429.655,722.0,720.0
1631893429.954,720.0,720.0
1631893430.257,723.0,720.0
1631893430.556,723.0,720.0
1631893430.855,720.0,721.0
1631893431.158,723.0,721.0
1631893431.457,720.0,721.0
1631893431.756,724.0,721.0
1631893432.059,725.0,721.0
1631893432.358,724.0,722.0
1631893432.657,723.0,722.0
1631893432.956,720.0,722.0
1631893433.259,720.0,722.0
1631893433.558,724.0,722.0
1631893433.857,721.0,722.0
1631893434.16,721.0,722.0
1631893434.459,723.0,722.0
1631893434.759,722.0,722.0
1631893435.061,722.0,722.0
1631893435.36,722.0,722.0
1631893435.659,723.0,721.0
1631893435.962,720.0,721.0
1631893436.261,722.0,721.0
1631893436.561,720.0,722.0
1631893436.86,724.0,721.0
1631893437.162,722.0,721.0
1631893437.462,721.0,722.0
1631893437.761,721.0,721.0
1631893438.064,724.0,721.0
1631893438.363,723.0,721.0
1631893438.662,723.0,722.0
1631893438.965,724.0,722.0
1631893439.264,722.0,722.0
1631893439.563,719.0,722.0
1631893439.866,723.0,722.0
1631893440.165,723.0,722.0
1631893440.464,721.0,722.0
1631893440.763,724.0,722.0
1631893441.066,724.0,722.0
1631893441.365,723.0,722.0
1631893441.664,720.0,722.0
1631893441.967,723.0,722.0
1631893442.266,722.0,722.0
1631893442.565,723.0,722.0
1631893442.868,723.0,722.0
1631893443.167,721.0,722.0
1631893443.466,719.0,722.0
1631893443.769,723.0,722.0
1631893444.068,718.0,722.0
1631893444.367,719.0,721.0
1631893444.666,721.0,721.0
1631893444.969,724.0,721.0
1631893445.268,722.0,721.0
1631893445.567,722.0,721.0
1631893445.87,724.0,721.0
1631893446.169,719.0,721.0
1631893446.468,720.0,721.0
1631893446.771,717.0,721.0
1631893447.07,717.0,720.0
1631893447.369,723.0,720.0
1631893447.672,723.0,720.0
1631893447.971,720.0,721.0
1631893448.27,721.0,720.0
1631893448.57,721.0,720.0
1631893448.873,721.0,720.0
1631893449.172,722.0,720.0
1631893449.471,721.0,720.0
1631893449.774,720.0,720.0
1631893450.073,723.0,720.0
1631893450.372,722.0,721.0
1631893450.675,719.0,721.0
1631893450.974,722.0,721.0
1631893451.273,721.0,721.0
1631893451.576,723.0,721.0
1631893451.875,721.0,721.0
1631893452.174,716.0,721.0
1631893452.473,719.0,720.0
1631893452.776,720.0,720.0
1631893453.075,723.0,720.0
1631893453.374,718.0,720.0
1631893453.677,720.0,720.0
1631893453.976,720.0,720.0
1631893454.275,720.0,720.0
1631893454.578,725.0,720.0
1631893454.877,724.0,720.0
1631893455.176,722.0,720.0
1631893455.479,722.0,721.0
1631893455.778,722.0,721.0
1631893456.077,722.0,721.0
1631893456.376,722.0,721.0
1631893456.679,722.0,721.0
1631893456.978,722.0,722.0
1631893457.277,724.0,722.0
1631893457.58,721.0,722.0
1631893457.879,719.0,722.0
1631893458.178,719.0,721.0
1631893458.481,720.0,721.0
1631893458.78,720.0,721.0
1631893459.079,724.0,721.0
1631893459.382,718.0,721.0
1631893459.681,717.0,720.0
1631893459.98,718.0,720.0
1631893460.279,720.0,720.0
1631893460.582,721.0,719.0
1631893460.882,729.0,719.0
1631893461.181,720.0,720.0
1631893461.483,716.0,720.0
1631893461.783,722.0,720.0
1631893462.082,726.0,720.0
1631893462.385,725.0,720.0
1631893462.684,727.0,721.0
1631893462.983,725.0,722.0
1631893463.286,729.0,723.0
1631893463.585,729.0,724.0
1631893463.884,731.0,724.0
1631893464.183,731.0,725.0
1631893464.486,734.0,726.0
1631893464.785,737.0,727.0
1631893465.084,736.0,729.0
1631893465.387,739.0,730.0
1631893465.686,728.0,731.0
1631893465.985,732.0,731.0
1631893466.288,731.0,732.0
1631893466.587,730.0,732.0
1631893466.886,733.0,732.0
1631893467.189,729.0,733.0
1631893467.488,729.0,732.0
1631893467.787,732.0,732.0
1631893468.086,726.0,731.0
1631893468.389,731.0,730.0
1631893468.688,726.0,730.0
1631893468.987,726.0,729.0
1631893469.29,728.0,729.0
1631893469.589,729.0,729.0
1631893469.888,727.0,728.0
1631893470.191,731.0,728.0
1631893470.49,727.0,728.0
1631893470.789,727.0,728.0
1631893471.092,724.0,727.0
1631893471.391,726.0,727.0
1631893471.69,723.0,727.0
1631893471.989,726.0,726.0
1631893472.292,726.0,726.0
1631893472.591,725.0,726.0
1631893472.891,724.0,726.0
1631893473.193,728.0,725.0
1631893473.493,724.0,725.0
1631893473.792,728.0,725.0
1631893474.094,724.0,725.0
1631893474.393,727.0,725.0
1631893474.693,724.0,725.0
1631893474.996,727.0,725.0
1631893475.295,726.0,725.0
1631893475.594,727.0,725.0
1631893475.893,729.0,725.0
1631893476.196,722.0,726.0
1631893476.495,725.0,725.0
1631893476.794,726.0,725.0
1631893477.097,726.0,725.0
1631893477.396,728.0,725.0
1631893477.695,724.0,726.0
1631893477.998,725.0,726.0
1631893478.297,724.0,725.0
1631893478.596,725.0,725.0
1631893478.899,729.0,725.0
1631893479.198,724.0,725.0
1631893479.497,726.0,725.0
1631893479.796,725.0,725.0
1631893480.099,725.0,725.0
1631893480.398,727.0,725.0
1631893480.697,725.0,725.0
1631893481.0,724.0,725.0
1631893481.299,727.0,725.0
1631893481.598,726.0,725.0
1631893481.901,724.0,725.0
1631893482.2,725.0,725.0
1631893482.499,725.0,725.0
1631893482.802,725.0,725.0
1631893483.101,725.0,725.0
1631893483.4,729.0,725.0
1631893483.699,725.0,725.0
1631893484.002,726.0,725.0
1631893484.301,726.0,725.0
1631893484.6,727.0,725.0
1631893484.903,727.0,725.0
1631893485.202,722.0,726.0
1631893485.502,726.0,725.0
1631893485.804,726.0,725.0
1631893486.103,728.0,725.0
1631893486.403,729.0,726.0
1631893486.705,726.0,726.0
1631893487.005,723.0,726.0
1631893487.304,726.0,726.0
1631893487.603,727.0,726.0
1631893487.906,724.0,726.0
1631893488.205,726.0,725.0
1631893488.504,727.0,726.0
1631893488.807,726.0,726.0
1631893489.106,724.0,726.0
1631893489.405,729.0,725.0
1631893489.708,724.0,725.0
1631893490.007,727.0,725.0
1631893490.306,725.0,726.0
1631893490.609,725.0,725.0
1631893490.908,729.0,725.0
1631893491.207,725.0,726.0
1631893491.506,729.0,726.0
1631893491.809,728.0,726.0
1631893492.108,728.0,726.0
1631893492.407,726.0,726.0
1631893492.71,729.0,726.0
1631893493.009,727.0,727.0
1631893493.308,723.0,727.0
1631893493.611,725.0,726.0
1631893493.91,723.0,726.0
1631893494.209,727.0,726.0
1631893494.512,726.0,726.0
1631893494.811,726.0,726.0
1631893495.11,727.0,726.0
1631893495.413,726.0,725.0
1631893495.712,728.0,725.0
1631893496.011,726.0,725.0
1631893496.31,725.0,725.0
1631893496.613,729.0,725.0
1631893496.912,727.0,726.0
1631893497.211,724.0,726.0
1631893497.514,727.0,726.0
1631893497.813,727.0,726.0
1631893498.113,728.0,726.0
1631893498.415,726.0,726.0
1631893498.715,721.0,726.0
1631893499.014,724.0,726.0
1631893499.317,720.0,725.0
1631893499.616,729.0,725.0
1631893499.914,724.0,725.0
1631893500.213,724.0,725.0
1631893500.517,726.0,725.0
1631893500.816,730.0,724.0
1631893501.115,727.0,725.0
1631893501.418,727.0,725.0
1631893501.717,723.0,725.0
1631893502.016,724.0,725.0
1631893502.319,726.0,725.0
1631893502.618,726.0,726.0
1631893502.917,725.0,725.0
1631893503.22,727.0,725.0
1631893503.519,724.0,726.0
1631893503.818,724.0,725.0
1631893504.117,724.0,725.0
1631893504.42,724.0,725.0
1631893504.719,728.0,724.0
1631893505.018,728.0,725.0
1631893505.321,727.0,725.0
1631893505.62,726.0,725.0
1631893505.919,727.0,725.0
1631893506.222,728.0,725.0
1631893506.521,722.0,726.0
1631893506.82,726.0,725.0
1631893507.123,724.0,726.0
1631893507.422,724.0,726.0
1631893507.721,728.0,726.0
1631893508.02,726.0,726.0
1631893508.323,722.0,725.0
1631893508.622,729.0,725.0
1631893508.921,725.0,725.0
1631893509.224,724.0,725.0
1631893509.523,723.0,725.0
1631893509.823,729.0,725.0
1631893510.125,723.0,725.0
1631893510.424,726.0,725.0
1631893510.724,722.0,725.0
1631893511.026,727.0,724.0
1631893511.326,724.0,725.0
1631893511.625,727.0,725.0
1631893511.924,722.0,725.0
1631893512.227,723.0,724.0
1631893512.526,725.0,724.0
1631893512.825,722.0,724.0
1631893513.128,723.0,724.0
1631893513.427,727.0,724.0
1631893513.726,719.0,724.0
1631893514.029,726.0,723.0
1631893514.328,723.0,723.0
1631893514.627,724.0,723.0
1631893514.93,724.0,723.0
1631893515.229,725.0,723.0
1631893515.528,726.0,723.0
1631893515.827,727.0,723.0
1631893516.13,724.0,724.0
1631893516.429,727.0,724.0
1631893516.728,721.0,724.0
1631893517.031,719.0,724.0
1631893517.33,724.0,724.0
1631893517.629,720.0,724.0
1631893517.932,726.0,723.0
1631893518.231,724.0,723.0
1631893518.53,724.0,723.0
1631893518.833,726.0,723.0
1631893519.132,722.0,723.0
1631893519.431,722.0,723.0
1631893519.73,725.0,722.0
1631893520.033,726.0,723.0
1631893520.332,725.0,723.0
1631893520.631,723.0,724.0
1631893520.934,723.0,724.0
1631893521.233,721.0,724.0
1631893521.532,727.0,723.0
1631893521.835,727.0,724.0
1631893522.134,723.0,724.0
1631893522.434,722.0,724.0
1631893522.736,725.0,724.0
1631893523.035,724.0,724.0
1631893523.335,725.0,724.0
1631893523.634,721.0,724.0
1631893523.937,730.0,723.0
1631893524.236,725.0,724.0
1631893524.535,725.0,724.0
1631893524.838,728.0,724.0
1631893525.137,726.0,724.0
1631893525.436,725.0,725.0
1631893525.739,725.0,725.0
1631893526.038,727.0,725.0
1631893526.337,723.0,725.0
1631893526.64,725.0,725.0
1631893526.939,722.0,725.0
1631893527.238,724.0,725.0
1631893527.537,725.0,725.0
1631893527.84,725.0,725.0
1631893528.139,722.0,724.0
1631893528.438,723.0,724.0
1631893528.741,720.0,724.0
1631893529.04,726.0,723.0
1631893529.339,725.0,723.0
1631893529.642,725.0,723.0
1631893529.941,725.0,723.0
1631893530.24,722.0,724.0
1631893530.543,725.0,723.0
1631893530.842,727.0,723.0
1631893531.141,727.0,724.0
1631893531.44,725.0,724.0
1631893531.743,721.0,724.0
1631893532.042,722.0,724.0
1631893532.341,724.0,724.0
1631893532.644,727.0,724.0
1631893532.943,723.0,724.0
1631893533.242,726.0,724.0
1631893533.545,722.0,724.0
1631893533.844,725.0,724.0
1631893534.143,724.0,724.0
1631893534.446,725.0,723.0
1631893534.745,727.0,723.0
1631893535.044,725.0,724.0
1631893535.344,725.0,724.0
1631893535.647,725.0,724.0
1631893535.946,726.0,724.0
1631893536.245,726.0,725.0
1631893536.548,724.0,725.0
1631893536.847,723.0,725.0
1631893537.146,720.0,725.0
1631893537.449,725.0,724.0
1631893537.748,724.0,724.0
1631893538.047,721.0,724.0
1631893538.35,724.0,723.0
1631893538.649,722.0,723.0
1631893538.948,727.0,723.0
1631893539.247,722.0,723.0
1631893539.55,722.0,723.0
1631893539.849,723.0,723.0
1631893540.148,724.0,723.0
1631893540.451,724.0,723.0
1631893540.75,725.0,723.0
1631893541.049,725.0,723.0
1631893541.352,726.0,723.0
1631893541.651,724.0,724.0
1631893541.95,724.0,724.0
1631893542.253,725.0,723.0
1631893542.552,721.0,724.0
1631893542.851,723.0,724.0
1631893543.15,725.0,724.0
1631893543.453,726.0,724.0
1631893543.752,725.0,724.0
1631893544.051,724.0,724.0
1631893544.354,721.0,724.0
1631893544.653,725.0,723.0
1631893544.952,722.0,723.0
1631893545.255,723.0,723.0
1631893545.554,726.0,723.0
1631893545.853,725.0,724.0
1631893546.156,723.0,724.0
1631893546.455,725.0,724.0
1631893546.754,726.0,723.0
1631893547.054,725.0,724.0
1631893547.356,721.0,724.0
1631893547.656,724.0,724.0
1631893547.955,726.0,724.0
1631893548.257,725.0,724.0
1631893548.557,727.0,724.0
1631893548.856,724.0,724.0
1631893549.159,728.0,724.0
1631893549.458,723.0,725.0
1631893549.757,722.0,724.0
1631893550.06,723.0,724.0
1631893550.359,719.0,724.0
1631893550.658,723.0,724.0
1631893550.957,722.0,724.0
1631893551.26,725.0,723.0
1631893551.559,726.0,723.0
1631893551.858,722.0,723.0
1631893552.161,720.0,723.0
1631893552.46,721.0,722.0
1631893552.759,727.0,722.0
1631893553.062,728.0,722.0
1631893553.361,729.0,723.0
1631893553.66,721.0,724.0
1631893553.963,725.0,724.0
1631893554.262,722.0,724.0
1631893554.561,723.0,724.0
1631893554.86,726.0,723.0
1631893555.163,726.0,724.0
1631893555.462,722.0,724.0
1631893555.761,725.0,724.0
1631893556.064,723.0,724.0
1631893556.363,726.0,724.0
1631893556.662,724.0,723.0
1631893556.965,726.0,724.0
1631893557.264,722.0,724.0
1631893557.563,721.0,724.0
1631893557.866,725.0,724.0
1631893558.165,724.0,724.0
1631893558.464,720.0,723.0
1631893558.763,725.0,723.0
1631893559.066,722.0,723.0
1631893559.365,724.0,723.0
1631893559.665,723.0,723.0
1631893559.967,724.0,723.0
1631893560.267,722.0,723.0
1631893560.566,724.0,723.0
1631893560.869,720.0,723.0
1631893561.168,724.0,722.0
1631893561.467,722.0,722.0
1631893561.77,723.0,723.0
1631893562.069,723.0,722.0
1631893562.368,722.0,722.0
1631893562.667,725.0,722.0
1631893562.97,721.0,722.0
1631893563.269,718.0,722.0
1631893563.568,724.0,722.0
1631893563.871,721.0,722.0
1631893564.17,723.0,722.0
1631893564.469,722.0,722.0
1631893564.772,722.0,722.0
1631893565.071,722.0,722.0
1631893565.37,724.0,722.0
1631893565.673,721.0,722.0
1631893565.972,723.0,721.0
1631893566.271,726.0,722.0
1631893566.57,724.0,722.0
1631893566.873,720.0,722.0
1631893567.172,721.0,722.0
1631893567.471,723.0,722.0
1631893567.774,723.0,722.0
1631893568.073,723.0,722.0
1631893568.372,723.0,722.0
1631893568.675,725.0,722.0
1631893568.974,722.0,723.0
1631893569.273,722.0,723.0
1631893569.576,722.0,722.0
1631893569.875,723.0,722.0
1631893570.174,721.0,722.0
1631893570.473,724.0,722.0
1631893570.776,721.0,722.0
1631893571.075,722.0,722.0
1631893571.374,724.0,722.0
1631893571.677,723.0,722.0
1631893571.976,720.0,722.0
1631893572.276,722.0,722.0
1631893572.578,725.0,722.0
1631893572.878,725.0,722.0
1631893573.177,720.0,722.0
1631893573.48,724.0,722.0
1631893573.779,724.0,722.0
1631893574.078,722.0,722.0
1631893574.381,720.0,722.0
1631893574.68,721.0,722.0
1631893574.979,720.0,722.0
1631893575.278,721.0,722.0
1631893575.581,719.0,722.0
1631893575.88,723.0,721.0
1631893576.179,720.0,721.0
1631893576.482,724.0,721.0
1631893576.781,724.0,721.0
1631893577.08,721.0,721.0
1631893577.383,724.0,721.0
1631893577.682,724.0,721.0
1631893577.981,724.0,722.0
1631893578.284,723.0,722.0
1631893578.583,722.0,722.0
1631893578.882,721.0,722.0
1631893579.181,726.0,722.0
1631893579.484,720.0,723.0
1631893579.783,726.0,722.0
1631893580.082,726.0,723.0
1631893580.385,723.0,723.0
1631893580.684,722.0,723.0
1631893580.983,720.0,723.0
1631893581.286,723.0,722.0
1631893581.585,723.0,722.0
1631893581.884,723.0,723.0
1631893582.187,723.0,723.0
1631893582.486,721.0,722.0
1631893582.785,725.0,723.0
1631893583.084,722.0,722.0
1631893583.387,725.0,722.0
1631893583.686,721.0,722.0
1631893583.986,724.0,722.0
1631893584.288,720.0,723.0
1631893584.587,721.0,722.0
1631893584.887,721.0,722.0
1631893585.189,724.0,722.0
1631893585.489,719.0,722.0
1631893585.788,726.0,722.0
1631893586.091,722.0,722.0
1631893586.39,723.0,722.0
1631893586.689,723.0,722.0
1631893586.988,724.0,722.0
1631893587.291,725.0,722.0
1631893587.59,724.0,722.0
1631893587.889,727.0,723.0
1631893588.192,723.0,723.0
1631893588.491,722.0,723.0
1631893588.79,725.0,723.0
1631893589.093,725.0,723.0
1631893589.392,723.0,724.0
1631893589.691,723.0,724.0
1631893589.994,722.0,724.0
1631893590.293,724.0,723.0
1631893590.592,722.0,723.0
1631893590.891,726.0,723.0
1631893591.194,723.0,723.0
1631893591.493,723.0,723.0
1631893591.792,720.0,723.0
1631893592.095,725.0,723.0
1631893592.394,722.0,723.0
1631893592.693,725.0,723.0
1631893592.996,720.0,723.0
1631893593.295,724.0,723.0
1631893593.594,723.0,723.0
1631893593.897,724.0,723.0
1631893594.196,724.0,722.0
1631893594.495,727.0,723.0
1631893594.794,722.0,723.0
1631893595.097,724.0,723.0
1631893595.396,718.0,723.0
1631893595.695,724.0,723.0
1631893595.998,723.0,723.0
1631893596.297,723.0,723.0
1631893596.597,722.0,723.0
1631893596.899,721.0,723.0
1631893597.198,723.0,722.0
1631893597.498,722.0,722.0
1631893597.8,723.0,722.0
1631893598.1,719.0,722.0
1631893598.399,722.0,721.0
1631893598.698,720.0,722.0
1631893599.001,722.0,721.0
1631893599.3,724.0,721.0
1631893599.599,721.0,721.0
1631893599.902,721.0,721.0
1631893600.201,723.0,721.0
1631893600.5,720.0,721.0
1631893600.803,719.0,721.0
1631893601.102,721.0,721.0
1631893601.401,722.0,721.0
1631893601.704,722.0,721.0
1631893602.003,722.0,721.0
1631893602.302,719.0,721.0
1631893602.601,721.0,721.0
1631893602.904,725.0,721.0
1631893603.203,724.0,721.0
1631893603.502,727.0,721.0
1631893603.805,725.0,722.0
1631893604.104,721.0,722.0
1631893604.403,721.0,722.0
1631893604.706,724.0,722.0
1631893605.005,725.0,722.0
1631893605.304,722.0,723.0
1631893605.607,726.0,723.0
1631893605.906,725.0,724.0
1631893606.205,723.0,724.0
1631893606.504,723.0,723.0
1631893606.807,727.0,723.0
1631893607.106,725.0,723.0
1631893607.405,725.0,724.0
1631893607.708,722.0,724.0
1631893608.007,727.0,724.0
1631893608.306,715.0,724.0
1631893608.609,721.0,723.0
1631893608.908,723.0,723.0
1631893609.208,723.0,723.0
1631893609.51,722.0,723.0
1631893609.81,721.0,723.0
1631893610.109,723.0,722.0
1631893610.408,726.0,722.0
1631893610.711,728.0,722.0
1631893611.01,722.0,722.0
1631893611.309,726.0,722.0
1631893611.612,723.0,723.0
1631893611.911,722.0,723.0
1631893612.21,721.0,723.0
1631893612.513,725.0,723.0
1631893612.812,722.0,723.0
1631893613.111,724.0,723.0
1631893613.414,724.0,723.0
1631893613.713,723.0,723.0
1631893614.012,725.0,723.0
1631893614.311,728.0,723.0
1631893614.614,722.0,723.0
1631893614.913,723.0,723.0
1631893615.212,727.0,723.0
1631893615.515,722.0,724.0
1631893615.814,726.0,724.0
1631893616.113,726.0,724.0
1631893616.416,717.0,724.0
1631893616.715,726.0,723.0
1631893617.014,723.0,724.0
1631893617.317,722.0,724.0
1631893617.616,726.0,723.0
1631893617.915,722.0,723.0
1631893618.214,722.0,723.0
1631893618.517,723.0,723.0
1631893618.816,722.0,723.0
1631893619.115,721.0,722.0
1631893619.418,722.0,722.0
1631893619.717,723.0,722.0
1631893620.016,721.0,722.0
1631893620.319,720.0,722.0
1631893620.618,723.0,722.0
1631893620.917,722.0,721.0
1631893621.22,723.0,721.0
1631893621.519,722.0,722.0
1631893621.819,723.0,721.0
1631893622.117,725.0,722.0
1631893622.421,718.0,722.0
1631893622.72,723.0,722.0
1631893623.019,722.0,722.0
1631893623.322,723.0,722.0
1631893623.621,722.0,722.0
1631893623.92,722.0,722.0
1631893624.223,721.0,722.0
1631893624.522,725.0,722.0
1631893624.821,725.0,722.0
1631893625.124,720.0,722.0
1631893625.423,720.0,722.0
1631893625.722,728.0,722.0
1631893626.021,724.0,722.0
1631893626.324,724.0,723.0
1631893626.623,727.0,723.0
1631893626.922,724.0,723.0
1631893627.225,723.0,723.0
1631893627.524,722.0,724.0
1631893627.823,726.0,723.0
1631893628.126,723.0,723.0
1631893628.425,722.0,724.0
1631893628.724,723.0,724.0
1631893629.027,724.0,723.0
1631893629.326,726.0,723.0
1631893629.625,723.0,724.0
1631893629.924,721.0,723.0
1631893630.227,726.0,723.0
1631893630.526,718.0,723.0
1631893630.825,724.0,723.0
1631893631.128,721.0,723.0
1631893631.427,721.0,722.0
1631893631.726,723.0,722.0
1631893632.029,724.0,722.0
1631893632.328,725.0,722.0
1631893632.627,722.0,722.0
1631893632.93,722.0,722.0
1631893633.229,722.0,722.0
1631893633.529,723.0,722.0
1631893633.828,722.0,722.0
1631893634.131,720.0,722.0
1631893634.43,723.0,722.0
1631893634.729,721.0,722.0
1631893635.031,724.0,722.0
1631893635.331,723.0,722.0
1631893635.63,723.0,722.0
1631893635.933,721.0,722.0
1631893636.232,725.0,722.0
1631893636.531,724.0,722.0
1631893636.834,721.0,722.0
1631893637.133,719.0,722.0
1631893637.432,722.0,722.0
1631893637.731,726.0,722.0
1631893638.034,724.0,722.0
1631893638.333,720.0,722.0
1631893638.632,715.0,722.0
1631893638.935,723.0,721.0
1631893639.234,725.0,721.0
1631893639.533,720.0,721.0
1631893639.836,725.0,721.0
1631893640.135,722.0,721.0
1631893640.434,724.0,722.0
1631893640.737,723.0,722.0
1631893641.036,722.0,722.0
1631893641.335,725.0,721.0
1631893641.634,723.0,722.0
1631893641.937,724.0,723.0
1631893642.236,725.0,723.0
1631893642.535,720.0,723.0
1631893642.838,723.0,723.0
1631893643.137,723.0,723.0
1631893643.436,722.0,723.0
1631893643.739,723.0,723.0
1631893644.038,721.0,723.0
1631893644.337,724.0,722.0
1631893644.64,723.0,722.0
1631893644.939,728.0,722.0
1631893645.238,724.0,723.0
1631893645.537,721.0,723.0
1631893645.84,719.0,723.0
1631893646.139,725.0,722.0
1631893646.439,724.0,723.0
1631893646.741,726.0,723.0
1631893647.041,725.0,723.0
1631893647.34,724.0,723.0
1631893647.643,722.0,723.0
1631893647.942,723.0,723.0
1631893648.241,722.0,723.0
1631893648.544,720.0,723.0
1631893648.843,723.0,723.0
1631893649.142,725.0,723.0
1631893649.441,726.0,723.0
1631893649.744,721.0,723.0
1631893650.043,723.0,723.0
1631893650.342,720.0,722.0
1631893650.645,722.0,722.0
1631893650.944,721.0,722.0
1631893651.243,722.0,722.0
1631893651.546,720.0,722.0
1631893651.845,724.0,722.0
1631893652.144,723.0,722.0
1631893652.447,724.0,722.0
1631893652.746,722.0,722.0
1631893653.045,720.0,722.0
1631893653.344,725.0,721.0
1631893653.647,726.0,722.0
1631893653.946,718.0,722.0
1631893654.245,726.0,722.0
1631893654.548,721.0,722.0
1631893654.847,722.0,722.0
1631893655.146,724.0,722.0
1631893655.449,721.0,722.0
1631893655.748,724.0,722.0
1631893656.047,725.0,722.0
1631893656.35,724.0,723.0
1631893656.649,720.0,723.0
1631893656.948,722.0,722.0
1631893657.247,726.0,722.0
1631893657.55,720.0,722.0
1631893657.85,717.0,722.0
1631893658.149,722.0,722.0
1631893658.451,723.0,722.0
1631893658.751,720.0,722.0
1631893659.05,721.0,721.0
1631893659.353,723.0,721.0
1631893659.652,723.0,721.0
1631893659.951,722.0,721.0
1631893660.254,722.0,721.0
1631893660.553,725.0,721.0
1631893660.852,723.0,721.0
1631893661.151,722.0,722.0
1631893661.454,724.0,722.0
1631893661.753,725.0,722.0
1631893662.052,722.0,723.0
1631893662.355,722.0,723.0
1631893662.654,720.0,723.0
1631893662.953,723.0,722.0
1631893663.256,726.0,722.0
1631893663.555,725.0,723.0
1631893663.854,723.0,723.0
1631893664.157,726.0,723.0
1631893664.456,723.0,723.0
1631893664.755,730.0,723.0
1631893665.054,721.0,724.0
1631893665.357,720.0,723.0
1631893665.656,724.0,723.0
1631893665.955,722.0,724.0
1631893666.258,721.0,724.0
1631893666.557,725.0,723.0
1631893666.856,721.0,723.0
1631893667.159,720.0,723.0
1631893667.458,719.0,722.0
1631893667.757,722.0,722.0
1631893668.06,720.0,721.0
1631893668.359,723.0,721.0
1631893668.658,727.0,721.0
1631893668.957,721.0,722.0
1631893669.26,724.0,721.0
1631893669.559,723.0,722.0
1631893669.858,723.0,722.0
1631893670.161,721.0,722.0
1631893670.46,722.0,722.0
1631893670.76,725.0,722.0
1631893671.062,722.0,722.0
1631893671.362,724.0,723.0
1631893671.661,722.0,723.0
1631893671.964,723.0,722.0
1631893672.263,722.0,722.0
1631893672.562,724.0,722.0
1631893672.861,722.0,722.0
1631893673.164,722.0,722.0
1631893673.463,721.0,722.0
1631893673.762,722.0,722.0
1631893674.065,725.0,722.0
1631893674.364,722.0,722.0
1631893674.663,722.0,722.0
1631893674.966,723.0,722.0
1631893675.265,721.0,722.0
1631893675.564,724.0,722.0
1631893675.867,721.0,722.0
1631893676.166,723.0,722.0
1631893676.465,723.0,722.0
1631893676.764,724.0,722.0
1631893677.067,723.0,722.0
1631893677.366,722.0,722.0
1631893677.665,720.0,722.0
1631893677.968,726.0,722.0
1631893678.267,722.0,722.0
1631893678.566,720.0,722.0
1631893678.869,722.0,722.0
1631893679.168,721.0,722.0
1631893679.467,720.0,722.0
1631893679.77,722.0,722.0
1631893680.069,726.0,721.0
1631893680.368,722.0,722.0
1631893680.667,719.0,722.0
1631893680.97,723.0,722.0
1631893681.269,726.0,721.0
1631893681.568,722.0,722.0
1631893681.871,721.0,722.0
1631893682.17,725.0,722.0
1631893682.469,723.0,722.0
1631893682.772,722.0,722.0
1631893683.071,727.0,722.0
1631893683.371,723.0,723.0
1631893683.673,721.0,723.0
1631893683.973,725.0,723.0
1631893684.272,721.0,723.0
1631893684.575,721.0,723.0
1631893684.874,724.0,722.0
1631893685.173,721.0,723.0
1631893685.472,724.0,722.0
1631893685.775,722.0,722.0
1631893686.074,721.0,722.0
1631893686.373,720.0,722.0
1631893686.676,721.0,722.0
1631893686.975,720.0,722.0
1631893687.274,716.0,721.0
1631893687.577,719.0,721.0
1631893687.876,721.0,720.0
1631893688.175,721.0,720.0
1631893688.478,725.0,720.0
1631893688.777,724.0,720.0
1631893689.076,720.0,720.0
1631893689.375,723.0,720.0
1631893689.678,723.0,721.0
1631893689.977,725.0,721.0
1631893690.276,722.0,721.0
1631893690.579,721.0,722.0
1631893690.878,721.0,722.0
1631893691.177,723.0,722.0
1631893691.48,724.0,722.0
1631893691.779,716.0,722.0
1631893692.078,724.0,721.0
1631893692.381,725.0,722.0
1631893692.68,725.0,722.0
1631893692.979,721.0,722.0
1631893693.278,721.0,722.0
1631893693.581,722.0,722.0
1631893693.88,723.0,722.0
1631893694.179,722.0,722.0
1631893694.482,724.0,722.0
1631893694.781,721.0,722.0
1631893695.081,727.0,722.0
1631893695.383,724.0,723.0
1631893695.683,719.0,723.0
1631893695.982,722.0,722.0
1631893696.284,724.0,722.0
1631893696.584,721.0,722.0
1631893696.883,722.0,722.0
1631893697.182,722.0,722.0
1631893697.485,723.0,722.0
1631893697.784,724.0,722.0
1631893698.083,720.0,722.0
1631893698.386,724.0,722.0
1631893698.685,725.0,722.0
1631893698.984,722.0,722.0
1631893699.287,722.0,722.0
1631893699.586,721.0,722.0
1631893699.885,724.0,722.0
1631893700.188,725.0,722.0
1631893700.487,723.0,723.0
1631893700.786,720.0,723.0
1631893701.085,722.0,722.0
1631893701.388,718.0,722.0
1631893701.687,722.0,722.0
1631893701.986,723.0,721.0
1631893702.289,720.0,722.0
1631893702.588,724.0,721.0
1631893702.887,723.0,722.0
1631893703.19,724.0,722.0
1631893703.489,722.0,721.0
1631893703.788,722.0,721.0
1631893704.091,720.0,722.0
1631893704.39,722.0,721.0
1631893704.689,723.0,722.0
1631893704.988,723.0,722.0
1631893705.291,720.0,722.0
1631893705.59,718.0,722.0
1631893705.889,721.0,721.0
1631893706.192,720.0,721.0
1631893706.491,722.0,721.0
1631893706.79,719.0,721.0
1631893707.093,718.0,720.0
1631893707.392,718.0,720.0
1631893707.691,717.0,720.0
1631893707.994,721.0,719.0
1631893708.294,720.0,719.0
1631893708.593,731.0,719.0
1631893708.892,724.0,720.0
1631893709.194,724.0,721.0
1631893709.494,722.0,721.0
1631893709.793,730.0,721.0
1631893710.096,725.0,722.0
1631893710.395,726.0,723.0
1631893710.694,734.0,724.0
1631893710.997,732.0,725.0
1631893711.296,727.0,726.0
1631893711.595,727.0,727.0
1631893711.898,731.0,727.0
1631893712.197,736.0,727.0
1631893712.496,731.0,729.0
1631893712.803,726.0,729.0
1631893713.098,733.0,729.0
1631893713.397,735.0,730.0
1631893713.696,734.0,731.0
1631893713.999,734.0,731.0
1631893714.298,732.0,731.0
1631893714.597,731.0,731.0
1631893714.9,730.0,732.0
1631893715.199,731.0,732.0
1631893715.498,732.0,731.0
1631893715.801,728.0,731.0
1631893716.1,731.0,732.0
1631893716.399,732.0,731.0
1631893716.698,727.0,731.0
1631893717.001,724.0,730.0
1631893717.3,730.0,729.0
1631893717.599,729.0,729.0
1631893717.902,727.0,729.0
1631893718.201,729.0,729.0
1631893718.5,729.0,728.0
1631893718.803,727.0,728.0
1631893719.102,724.0,728.0
1631893719.401,727.0,727.0
1631893719.704,728.0,727.0
1631893720.003,727.0,727.0
1631893720.303,728.0,727.0
1631893720.602,727.0,727.0
1631893720.904,730.0,727.0
1631893721.204,729.0,727.0
1631893721.503,730.0,727.0
1631893721.806,729.0,727.0
1631893722.105,728.0,727.0
1631893722.404,724.0,728.0
1631893722.707,729.0,728.0
1631893723.006,728.0,728.0
1631893723.305,727.0,728.0
1631893723.608,725.0,728.0
1631893723.907,725.0,727.0
1631893724.206,724.0,727.0
1631893724.505,727.0,726.0
1631893724.808,728.0,726.0
1631893725.107,724.0,726.0
1631893725.406,726.0,726.0
1631893725.709,729.0,726.0
1631893726.008,727.0,726.0
1631893726.307,725.0,726.0
1631893726.61,726.0,726.0
1631893726.909,727.0,726.0
1631893727.208,723.0,726.0
1631893727.511,727.0,726.0
1631893727.81,725.0,726.0
1631893728.109,727.0,725.0
1631893728.408,723.0,726.0
1631893728.711,726.0,725.0
1631893729.01,726.0,725.0
1631893729.309,723.0,725.0
1631893729.612,731.0,725.0
1631893729.911,727.0,725.0
1631893730.21,720.0,725.0
1631893730.513,725.0,725.0
1631893730.812,728.0,725.0
1631893731.111,727.0,725.0
1631893731.414,727.0,725.0
1631893731.714,726.0,726.0
1631893732.012,727.0,726.0
1631893732.312,725.0,726.0
1631893732.614,723.0,726.0
1631893732.914,727.0,725.0
1631893733.213,728.0,725.0
1631893733.515,729.0,726.0
1631893733.815,727.0,726.0
1631893734.114,727.0,726.0
1631893734.417,729.0,726.0
1631893734.716,719.0,726.0
1631893735.015,723.0,726.0
1631893735.318,727.0,725.0
1631893735.617,728.0,725.0
1631893735.916,724.0,726.0
1631893736.215,727.0,726.0
1631893736.518,728.0,726.0
1631893736.817,726.0,725.0
1631893737.116,725.0,725.0
1631893737.419,727.0,725.0
1631893737.718,728.0,725.0
1631893738.017,725.0,726.0
1631893738.32,726.0,726.0
1631893738.619,724.0,726.0
1631893738.918,727.0,726.0
1631893739.221,726.0,726.0
1631893739.52,726.0,726.0
1631893739.819,727.0,726.0
1631893740.118,724.0,726.0
1631893740.421,727.0,726.0
1631893740.72,724.0,726.0
1631893741.019,728.0,725.0
1631893741.322,729.0,725.0
1631893741.621,730.0,726.0
1631893741.92,724.0,726.0
1631893742.223,727.0,726.0
1631893742.522,727.0,726.0
1631893742.821,727.0,726.0
1631893743.124,723.0,726.0
1631893743.423,726.0,726.0
1631893743.722,725.0,726.0
1631893744.021,725.0,726.0
1631893744.324,726.0,726.0
1631893744.624,725.0,726.0
1631893744.923,725.0,725.0
1631893745.225,724.0,725.0
1631893745.524,724.0,725.0
1631893745.824,726.0,725.0
1631893746.127,727.0,724.0
1631893746.426,724.0,725.0
1631893746.725,726.0,725.0
1631893747.028,725.0,725.0
1631893747.327,728.0,725.0
1631893747.626,725.0,725.0
1631893747.925,727.0,725.0
1631893748.228,729.0,725.0
1631893748.527,724.0,726.0
1631893748.826,725.0,726.0
1631893749.129,728.0,726.0
1631893749.428,729.0,726.0
1631893749.727,727.0,726.0
1631893750.03,724.0,726.0
1631893750.329,728.0,726.0
1631893750.628,725.0,726.0
1631893750.931,724.0,726.0
1631893751.23,726.0,726.0
1631893751.529,725.0,726.0
1631893751.828,727.0,726.0
1631893752.131,726.0,726.0
1631893752.43,720.0,726.0
1631893752.729,725.0,725.0
1631893753.032,724.0,725.0
1631893753.331,727.0,725.0
1631893753.63,724.0,724.0
1631893753.933,727.0,724.0
1631893754.232,724.0,725.0
1631893754.531,730.0,724.0
1631893754.834,725.0,725.0
1631893755.133,725.0,725.0
1631893755.432,726.0,725.0
1631893755.731,725.0,725.0
1631893756.034,727.0,725.0
1631893756.333,724.0,726.0
1631893756.632,723.0,725.0
1631893756.935,726.0,725.0
1631893757.234,724.0,725.0
1631893757.534,728.0,725.0
1631893757.836,724.0,725.0
1631893758.136,727.0,725.0
1631893758.435,726.0,725.0
1631893758.738,726.0,725.0
1631893759.037,727.0,725.0
1631893759.336,721.0,725.0
1631893759.635,724.0,725.0
1631893759.938,723.0,725.0
1631893760.237,727.0,725.0
1631893760.536,728.0,725.0
1631893760.839,723.0,725.0
1631893761.138,723.0,725.0
1631893761.437,725.0,724.0
1631893761.74,727.0,724.0
1631893762.039,728.0,724.0
1631893762.338,727.0,724.0
1631893762.641,724.0,725.0
1631893762.94,724.0,725.0
1631893763.239,727.0,725.0
1631893763.538,727.0,725.0
1631893763.841,725.0,725.0
1631893764.14,726.0,725.0
1631893764.439,726.0,726.0
1631893764.742,724.0,726.0
1631893765.041,729.0,725.0
1631893765.34,727.0,725.0
1631893765.643,726.0,725.0
1631893765.942,724.0,726.0
1631893766.241,724.0,726.0
1631893766.544,725.0,725.0
1631893766.843,726.0,725.0
1631893767.142,725.0,725.0
1631893767.441,727.0,725.0
1631893767.744,726.0,725.0
1631893768.043,729.0,725.0
1631893768.342,728.0,725.0
1631893768.645,724.0,726.0
1631893768.944,726.0,725.0
1631893769.244,728.0,726.0
1631893769.546,725.0,726.0
1631893769.845,726.0,726.0
1631893770.145,729.0,726.0
1631893770.447,725.0,726.0
1631893770.747,724.0,726.0
1631893771.046,727.0,726.0
1631893771.345,725.0,726.0
1631893771.648,726.0,725.0
1631893771.947,727.0,726.0
1631893772.246,723.0,726.0
1631893772.549,725.0,725.0
1631893772.848,725.0,725.0
1631893773.147,729.0,725.0
1631893773.45,729.0,725.0
1631893773.749,726.0,726.0
1631893774.048,724.0,726.0
1631893774.351,725.0,725.0
1631893774.65,728.0,725.0
1631893774.949,723.0,726.0
1631893775.248,721.0,725.0
1631893775.551,723.0,725.0
1631893775.85,724.0,725.0
1631893776.149,723.0,725.0
1631893776.452,727.0,724.0
1631893776.751,727.0,724.0
1631893777.05,724.0,724.0
1631893777.353,727.0,724.0
1631893777.652,721.0,724.0
1631893777.951,724.0,724.0
1631893778.254,724.0,724.0
1631893778.553,726.0,724.0
1631893778.852,726.0,724.0
1631893779.151,725.0,724.0
1631893779.454,725.0,725.0
1631893779.753,727.0,724.0
1631893780.052,727.0,724.0
1631893780.355,723.0,725.0
1631893780.654,724.0,724.0
1631893780.954,729.0,725.0
1631893781.256,728.0,725.0
1631893781.555,724.0,726.0
1631893781.855,726.0,725.0
1631893782.157,728.0,725.0
1631893782.457,727.0,726.0
1631893782.756,725.0,726.0
1631893783.055,727.0,726.0
1631893783.357,725.0,726.0
1631893783.657,725.0,726.0
1631893783.956,725.0,726.0
1631893784.259,727.0,726.0
1631893784.558,723.0,725.0
1631893784.857,726.0,725.0
1631893785.16,723.0,725.0
1631893785.459,728.0,725.0
1631893785.758,728.0,725.0
1631893786.061,726.0,725.0
1631893786.36,720.0,725.0
1631893786.659,728.0,725.0
1631893786.958,726.0,725.0
1631893787.261,724.0,725.0
1631893787.56,725.0,725.0
1631893787.859,723.0,725.0
1631893788.162,727.0,725.0
1631893788.461,724.0,725.0
1631893788.76,721.0,725.0
1631893789.063,723.0,724.0
1631893789.362,729.0,724.0
1631893789.661,724.0,725.0
1631893789.964,730.0,724.0
1631893790.263,728.0,725.0
1631893790.562,727.0,725.0
1631893790.861,724.0,725.0
1631893791.164,720.0,725.0
1631893791.463,724.0,725.0
1631893791.762,725.0,725.0
1631893792.065,725.0,725.0
1631893792.364,722.0,725.0
1631893792.664,724.0,724.0
1631893792.966,724.0,724.0
1631893793.265,724.0,724.0
1631893793.564,723.0,723.0
1631893793.867,730.0,723.0
1631893794.166,722.0,724.0
1631893794.466,728.0,724.0
1631893794.765,723.0,724.0
1631893795.068,727.0,724.0
1631893795.367,726.0,724.0
1631893795.666,725.0,725.0
1631893795.969,721.0,725.0
1631893796.268,725.0,724.0
1631893796.567,726.0,725.0
1631893796.87,727.0,725.0
1631893797.169,728.0,725.0
1631893797.468,728.0,725.0
1631893797.771,726.0,725.0
1631893798.07,728.0,725.0
1631893798.369,723.0,726.0
1631893798.668,726.0,725.0
1631893798.971,725.0,725.0
1631893799.27,727.0,726.0
1631893799.569,724.0,726.0
1631893799.872,725.0,726.0
1631893800.171,726.0,726.0
1631893800.47,721.0,725.0
1631893800.773,724.0,725.0
1631893801.072,724.0,724.0
1631893801.371,728.0,724.0
1631893801.674,723.0,725.0
1631893801.973,725.0,724.0
1631893802.272,728.0,724.0
1631893802.571,721.0,724.0
1631893802.874,723.0,724.0
1631893803.173,724.0,724.0
1631893803.472,722.0,724.0
1631893803.775,724.0,724.0
1631893804.074,727.0,724.0
1631893804.373,726.0,724.0
1631893804.676,725.0,724.0
1631893804.975,725.0,724.0
1631893805.274,725.0,724.0
1631893805.577,727.0,724.0
1631893805.876,727.0,724.0
1631893806.175,725.0,725.0
1631893806.475,722.0,725.0
1631893806.777,727.0,725.0
1631893807.077,725.0,725.0
1631893807.376,724.0,725.0
1631893807.678,725.0,725.0
1631893807.978,723.0,725.0
1631893808.277,725.0,725.0
1631893808.58,727.0,725.0
1631893808.879,722.0,725.0
1631893809.178,721.0,724.0
1631893809.481,726.0,724.0
1631893809.78,725.0,724.0
1631893810.079,725.0,724.0
1631893810.378,726.0,724.0
1631893810.681,727.0,724.0
1631893810.98,722.0,724.0
1631893811.279,723.0,724.0
1631893811.582,727.0,724.0
1631893811.881,721.0,724.0
1631893812.18,724.0,724.0
1631893812.483,723.0,724.0
1631893812.782,722.0,724.0
1631893813.081,723.0,724.0
1631893813.384,724.0,723.0
1631893813.683,721.0,723.0
1631893813.982,725.0,723.0
1631893814.281,722.0,723.0
1631893814.584,722.0,723.0
1631893814.883,727.0,722.0
1631893815.182,726.0,723.0
1631893815.485,727.0,723.0
1631893815.784,726.0,723.0
1631893816.083,726.0,724.0
1631893816.386,726.0,724.0
1631893816.685,729.0,724.0
1631893816.984,727.0,725.0
1631893817.287,726.0,725.0
1631893817.586,722.0,726.0
1631893817.885,725.0,726.0
1631893818.184,723.0,726.0
1631893818.487,728.0,725.0
1631893818.787,726.0,725.0
1631893819.086,725.0,725.0
1631893819.388,728.0,725.0
1631893819.688,726.0,725.0
1631893819.987,724.0,725.0
1631893820.29,724.0,725.0
1631893820.589,727.0,725.0
1631893820.888,724.0,725.0
1631893821.191,726.0,725.0
1631893821.49,723.0,725.0
1631893821.789,724.0,725.0
1631893822.088,722.0,725.0
1631893822.391,725.0,724.0
1631893822.69,725.0,724.0
1631893822.989,725.0,724.0
1631893823.292,721.0,724.0
1631893823.591,723.0,724.0
1631893823.89,724.0,723.0
1631893824.193,726.0,723.0
1631893824.492,723.0,723.0
1631893824.791,719.0,723.0
1631893825.094,723.0,723.0
1631893825.393,725.0,723.0
1631893825.692,726.0,723.0
1631893825.991,723.0,723.0
1631893826.294,723.0,723.0
1631893826.593,723.0,723.0
1631893826.892,726.0,723.0
1631893827.195,721.0,723.0
1631893827.494,722.0,723.0
1631893827.793,724.0,723.0
1631893828.096,725.0,723.0
1631893828.395,725.0,723.0
1631893828.694,726.0,723.0
1631893828.997,725.0,723.0
1631893829.296,724.0,724.0
1631893829.595,724.0,724.0
1631893829.894,725.0,724.0
1631893830.197,726.0,724.0
1631893830.496,723.0,724.0
1631893830.795,723.0,724.0
1631893831.098,724.0,724.0
1631893831.397,726.0,724.0
1631893831.697,722.0,724.0
1631893831.999,725.0,724.0
1631893832.299,724.0,724.0
1631893832.598,723.0,724.0
1631893832.901,722.0,724.0
1631893833.2,727.0,723.0
1631893833.499,724.0,723.0
1631893833.798,725.0,724.0
1631893834.101,725.0,724.0
1631893834.4,726.0,724.0
1631893834.699,724.0,724.0
1631893835.002,724.0,724.0
1631893835.301,723.0,724.0
1631893835.6,727.0,724.0
1631893835.903,724.0,724.0
1631893836.202,726.0,724.0
1631893836.501,723.0,724.0
1631893836.804,725.0,724.0
1631893837.103,723.0,724.0
1631893837.402,727.0,724.0
1631893837.701,726.0,724.0
1631893838.004,726.0,724.0
1631893838.303,724.0,725.0
1631893838.602,720.0,725.0
1631893838.905,722.0,724.0
1631893839.204,726.0,724.0
1631893839.503,724.0,724.0
1631893839.806,728.0,724.0
1631893840.105,723.0,724.0
1631893840.404,724.0,724.0
1631893840.707,725.0,724.0
1631893841.006,723.0,724.0
1631893841.305,721.0,723.0
1631893841.604,724.0,723.0
1631893841.907,722.0,724.0
1631893842.206,725.0,724.0
1631893842.505,725.0,723.0
1631893842.808,721.0,724.0
1631893843.107,724.0,723.0
1631893843.407,726.0,723.0
1631893843.709,725.0,723.0
1631893844.008,721.0,723.0
1631893844.308,723.0,723.0
1631893844.61,721.0,723.0
1631893844.91,721.0,723.0
1631893845.209,724.0,723.0
1631893845.508,723.0,723.0
1631893845.811,724.0,722.0
1631893846.11,721.0,723.0
1631893846.409,723.0,722.0
1631893846.712,723.0,722.0
1631893847.011,727.0,722.0
1631893847.31,722.0,723.0
1631893847.613,725.0,722.0
1631893847.912,721.0,723.0
1631893848.211,723.0,723.0
1631893848.514,722.0,723.0
1631893848.813,721.0,723.0
1631893849.112,721.0,722.0
1631893849.411,726.0,722.0
1631893849.714,724.0,723.0
1631893850.013,723.0,723.0
1631893850.312,721.0,722.0
1631893850.615,721.0,722.0
1631893850.914,722.0,722.0
1631893851.213,725.0,722.0
1631893851.516,725.0,722.0
1631893851.815,722.0,722.0
1631893852.114,726.0,723.0
1631893852.417,727.0,723.0
1631893852.716,727.0,723.0
1631893853.015,723.0,723.0
1631893853.314,724.0,723.0
1631893853.617,724.0,724.0
1631893853.916,722.0,724.0
1631893854.215,720.0,724.0
1631893854.518,722.0,724.0
1631893854.817,723.0,723.0
1631893855.117,721.0,723.0
1631893855.419,722.0,723.0
1631893855.718,726.0,722.0
1631893856.017,725.0,722.0
1631893856.32,722.0,722.0
1631893856.619,722.0,722.0
1631893856.919,724.0,722.0
1631893857.218,720.0,722.0
1631893857.52,722.0,722.0
1631893857.82,722.0,722.0
1631893858.119,723.0,722.0
1631893858.422,722.0,722.0
1631893858.721,724.0,722.0
1631893859.02,722.0,722.0
1631893859.323,726.0,722.0
1631893859.622,722.0,722.0
1631893859.921,726.0,722.0
1631893860.224,724.0,722.0
1631893860.523,724.0,723.0
1631893860.822,719.0,723.0
1631893861.121,727.0,723.0
1631893861.424,722.0,723.0
1631893861.723,723.0,723.0
1631893862.022,722.0,723.0
1631893862.325,725.0,723.0
1631893862.624,723.0,723.0
1631893862.923,722.0,723.0
1631893863.226,725.0,723.0
1631893863.525,723.0,723.0
1631893863.824,724.0,723.0
1631893864.127,722.0,723.0
1631893864.426,724.0,723.0
1631893864.725,725.0,723.0
1631893865.024,723.0,723.0
1631893865.327,721.0,723.0
1631893865.626,724.0,723.0
1631893865.925,721.0,723.0
1631893866.228,721.0,723.0
1631893866.527,721.0,722.0
1631893866.826,719.0,722.0
1631893867.129,720.0,722.0
1631893867.428,720.0,721.0
1631893867.727,721.0,721.0
1631893868.03,724.0,721.0
1631893868.329,723.0,721.0
1631893868.628,719.0,721.0
1631893868.928,720.0,720.0
1631893869.23,723.0,720.0
1631893869.53,721.0,721.0
1631893869.829,723.0,721.0
1631893870.132,726.0,721.0
1631893870.431,722.0,722.0
1631893870.73,722.0,722.0
1631893871.033,722.0,722.0
1631893871.332,724.0,722.0
1631893871.631,723.0,722.0
1631893871.934,722.0,722.0
1631893872.233,724.0,722.0
1631893872.532,723.0,722.0
1631893872.831,723.0,723.0
1631893873.134,722.0,723.0
1631893873.433,721.0,722.0
1631893873.732,723.0,722.0
1631893874.035,720.0,722.0
1631893874.334,723.0,722.0
1631893874.633,723.0,722.0
1631893874.936,720.0,722.0
1631893875.235,720.0,722.0
1631893875.534,720.0,721.0
1631893875.837,723.0,721.0
1631893876.136,720.0,721.0
1631893876.435,721.0,721.0
1631893876.734,720.0,721.0
1631893877.037,722.0,721.0
1631893877.336,721.0,721.0
1631893877.635,726.0,721.0
1631893877.938,722.0,721.0
1631893878.237,724.0,721.0
1631893878.536,725.0,721.0
1631893878.839,724.0,722.0
1631893879.138,723.0,722.0
1631893879.437,722.0,722.0
1631893879.74,722.0,722.0
1631893880.039,720.0,723.0
1631893880.339,724.0,722.0
1631893880.638,724.0,723.0
1631893880.94,723.0,723.0
1631893881.24,719.0,723.0
1631893881.539,724.0,722.0
1631893881.842,724.0,722.0
1631893882.141,724.0,722.0
1631893882.44,724.0,722.0
1631893882.743,722.0,722.0
1631893883.042,724.0,722.0
1631893883.341,720.0,723.0
1631893883.644,725.0,722.0
1631893883.943,722.0,722.0
1631893884.242,722.0,722.0
1631893884.541,719.0,723.0
1631893884.844,720.0,722.0
1631893885.143,725.0,722.0
1631893885.442,719.0,722.0
1631893885.745,719.0,721.0
1631893886.044,722.0,721.0
1631893886.343,722.0,721.0
1631893886.646,721.0,721.0
1631893886.945,722.0,721.0
1631893887.244,724.0,721.0
1631893887.547,722.0,721.0
1631893887.846,723.0,721.0
1631893888.145,719.0,721.0
1631893888.444,723.0,721.0
1631893888.747,720.0,721.0
1631893889.046,719.0,721.0
1631893889.345,723.0,721.0
1631893889.648,727.0,721.0
1631893889.947,720.0,722.0
1631893890.246,722.0,722.0
1631893890.549,724.0,721.0
1631893890.848,720.0,722.0
1631893891.147,720.0,721.0
1631893891.45,717.0,721.0
1631893891.749,721.0,721.0
1631893892.048,725.0,721.0
1631893892.348,722.0,721.0
1631893892.65,723.0,721.0
1631893892.95,722.0,721.0
1631893893.249,724.0,721.0
1631893893.551,721.0,721.0
1631893893.851,722.0,721.0
1631893894.15,725.0,721.0
1631893894.453,723.0,722.0
1631893894.752,725.0,722.0
1631893895.051,722.0,723.0
1631893895.354,723.0,722.0
1631893895.653,720.0,723.0
1631893895.952,724.0,722.0
1631893896.251,721.0,722.0
1631893896.554,720.0,722.0
1631893896.853,725.0,722.0
1631893897.152,724.0,722.0
1631893897.455,719.0,722.0
1631893897.754,721.0,722.0
1631893898.053,719.0,721.0
1631893898.356,720.0,721.0
1631893898.655,724.0,721.0
1631893898.954,717.0,721.0
1631893899.253,725.0,721.0
1631893899.556,718.0,721.0
1631893899.855,724.0,721.0
1631893900.154,712.0,721.0
1631893900.457,719.0,719.0
1631893900.756,723.0,719.0
1631893901.055,724.0,720.0
1631893901.358,721.0,720.0
1631893901.657,726.0,720.0
1631893901.956,731.0,720.0
1631893902.259,724.0,722.0
1631893902.558,726.0,722.0
1631893902.857,721.0,723.0
1631893903.156,725.0,722.0
1631893903.459,731.0,724.0
1631893903.758,723.0,725.0
1631893904.057,730.0,725.0
1631893904.36,736.0,725.0
1631893904.659,729.0,727.0
1631893904.958,727.0,727.0
1631893905.261,732.0,727.0
1631893905.56,727.0,728.0
1631893905.86,731.0,728.0
1631893906.162,733.0,729.0
1631893906.462,732.0,729.0
1631893906.761,731.0,730.0
1631893907.06,732.0,730.0
1631893907.363,729.0,731.0
1631893907.662,727.0,730.0
1631893907.961,728.0,730.0
1631893908.264,730.0,730.0
1631893908.563,728.0,730.0
1631893908.862,727.0,730.0
1631893909.165,730.0,729.0
1631893909.464,728.0,729.0
1631893909.763,726.0,729.0
1631893910.066,729.0,728.0
1631893910.365,729.0,728.0
1631893910.664,728.0,728.0
1631893910.963,728.0,728.0
1631893911.266,730.0,728.0
1631893911.565,727.0,728.0
1631893911.864,727.0,728.0
1631893912.167,729.0,728.0
1631893912.466,729.0,728.0
1631893912.765,728.0,728.0
1631893913.068,726.0,728.0
1631893913.367,724.0,728.0
1631893913.666,726.0,727.0
1631893913.969,729.0,727.0
1631893914.268,728.0,727.0
1631893914.567,729.0,727.0
1631893914.866,726.0,727.0
1631893915.169,724.0,727.0
1631893915.468,727.0,726.0
1631893915.767,728.0,726.0
1631893916.07,727.0,726.0
1631893916.369,729.0,726.0
1631893916.668,728.0,727.0
1631893916.971,727.0,727.0
1631893917.27,725.0,727.0
1631893917.569,726.0,727.0
1631893917.872,727.0,726.0
1631893918.171,729.0,726.0
1631893918.471,722.0,727.0
1631893918.77,728.0,726.0
1631893919.073,727.0,726.0
1631893919.372,726.0,726.0
1631893919.671,725.0,726.0
1631893919.974,725.0,726.0
1631893920.273,728.0,726.0
1631893920.572,726.0,726.0
1631893920.875,725.0,726.0
1631893921.174,725.0,726.0
1631893921.473,726.0,725.0
1631893921.776,727.0,726.0
1631893922.075,724.0,726.0
1631893922.374,723.0,725.0
1631893922.673,727.0,725.0
1631893922.976,722.0,725.0
1631893923.275,725.0,725.0
1631893923.574,726.0,725.0
1631893923.877,728.0,725.0
1631893924.176,729.0,725.0
1631893924.475,724.0,725.0
1631893924.778,725.0,725.0
1631893925.077,727.0,725.0
1631893925.376,727.0,725.0
1631893925.679,727.0,726.0
1631893925.978,722.0,726.0
1631893926.277,730.0,726.0
1631893926.576,726.0,726.0
1631893926.879,727.0,726.0
1631893927.178,726.0,726.0
1631893927.477,725.0,726.0
1631893927.78,726.0,726.0
1631893928.079,723.0,726.0
1631893928.378,723.0,725.0
1631893928.681,724.0,725.0
1631893928.98,727.0,725.0
1631893929.279,724.0,725.0
1631893929.582,724.0,725.0
1631893929.881,726.0,724.0
1631893930.18,723.0,724.0
1631893930.48,723.0,724.0
1631893930.782,727.0,724.0
1631893931.082,728.0,724.0
1631893931.381,726.0,724.0
1631893931.683,723.0,725.0
1631893931.983,724.0,725.0
1631893932.282,724.0,724.0
1631893932.585,724.0,724.0
1631893932.884,721.0,724.0
1631893933.183,728.0,724.0
1631893933.486,726.0,724.0
1631893933.785,724.0,725.0
1631893934.084,725.0,724.0
1631893934.383,727.0,724.0
1631893934.686,727.0,724.0
1631893934.985,728.0,725.0
1631893935.284,727.0,725.0
1631893935.587,725.0,725.0
1631893935.886,727.0,725.0
1631893936.185,722.0,726.0
1631893936.488,724.0,725.0
1631893936.787,724.0,725.0
1631893937.086,725.0,725.0
1631893937.389,726.0,725.0
1631893937.688,729.0,725.0
1631893937.987,727.0,725.0
1631893938.286,730.0,725.0
1631893938.589,724.0,725.0
1631893938.888,726.0,725.0
1631893939.187,724.0,725.0
1631893939.49,727.0,725.0
1631893939.789,726.0,726.0
1631893940.088,727.0,726.0
1631893940.391,728.0,726.0
1631893940.69,729.0,726.0
1631893940.989,728.0,726.0
1631893941.292,724.0,726.0
1631893941.591,725.0,726.0
1631893941.89,724.0,726.0
1631893942.189,727.0,726.0
1631893942.492,727.0,726.0
1631893942.792,721.0,726.0
1631893943.091,725.0,726.0
1631893943.393,727.0,725.0
1631893943.693,724.0,725.0
1631893943.992,726.0,725.0
1631893944.295,724.0,725.0
1631893944.594,727.0,725.0
1631893944.893,725.0,725.0
1631893945.196,726.0,725.0
1631893945.495,724.0,725.0
1631893945.794,724.0,724.0
1631893946.093,725.0,725.0
1631893946.396,725.0,725.0
1631893946.695,728.0,725.0
1631893946.994,725.0,725.0
1631893947.297,723.0,725.0
1631893947.596,726.0,725.0
1631893947.895,726.0,725.0
1631893948.198,724.0,725.0
1631893948.497,726.0,725.0
1631893948.796,725.0,725.0
1631893949.099,725.0,725.0
1631893949.398,727.0,725.0
1631893949.697,726.0,725.0
1631893949.996,726.0,725.0
1631893950.299,723.0,725.0
1631893950.598,724.0,725.0
1631893950.897,727.0,725.0
1631893951.2,726.0,725.0
1631893951.499,726.0,725.0
1631893951.798,724.0,725.0
1631893952.101,727.0,725.0
1631893952.4,724.0,725.0
1631893952.699,728.0,725.0
1631893953.002,724.0,725.0
1631893953.301,725.0,725.0
1631893953.6,726.0,725.0
1631893953.899,728.0,725.0
1631893954.202,726.0,725.0
1631893954.501,728.0,725.0
1631893954.801,722.0,726.0
1631893955.103,725.0,725.0
1631893955.403,721.0,725.0
1631893955.702,727.0,725.0
1631893956.004,725.0,725.0
1631893956.304,725.0,725.0
1631893956.603,726.0,725.0
1631893956.906,723.0,725.0
1631893957.205,729.0,724.0
1631893957.504,726.0,725.0
1631893957.803,727.0,724.0
1631893958.106,725.0,725.0
1631893958.405,723.0,725.0
1631893958.704,726.0,725.0
1631893959.007,725.0,725.0
1631893959.306,724.0,725.0
1631893959.605,725.0,725.0
1631893959.908,726.0,725.0
1631893960.207,726.0,725.0
1631893960.506,720.0,725.0
1631893960.809,723.0,724.0
1631893961.108,727.0,724.0
1631893961.407,721.0,724.0
1631893961.706,727.0,724.0
1631893962.009,720.0,724.0
1631893962.308,727.0,723.0
1631893962.607,727.0,724.0
1631893962.91,727.0,724.0
1631893963.209,725.0,724.0
1631893963.508,726.0,724.0
1631893963.811,727.0,725.0
1631893964.11,725.0,725.0
1631893964.409,726.0,725.0
1631893964.712,724.0,725.0
1631893965.011,727.0,725.0
1631893965.31,721.0,726.0
1631893965.609,723.0,725.0
1631893965.912,723.0,725.0
1631893966.211,726.0,724.0
1631893966.51,726.0,724.0
1631893966.813,724.0,724.0
1631893967.112,726.0,724.0
1631893967.412,728.0,724.0
1631893967.714,726.0,724.0
1631893968.013,725.0,725.0
1631893968.313,723.0,724.0
1631893968.616,724.0,725.0
1631893968.915,726.0,725.0
1631893969.214,725.0,725.0
1631893969.513,728.0,725.0
1631893969.816,723.0,725.0
1631893970.115,728.0,725.0
1631893970.414,725.0,725.0
1631893970.717,727.0,725.0
1631893971.016,725.0,725.0
1631893971.315,725.0,725.0
1631893971.618,723.0,725.0
1631893971.917,723.0,725.0
1631893972.216,722.0,725.0
1631893972.519,726.0,724.0
1631893972.818,726.0,724.0
1631893973.117,726.0,725.0
1631893973.416,726.0,724.0
1631893973.719,727.0,724.0
1631893974.018,723.0,724.0
1631893974.317,726.0,724.0
1631893974.62,725.0,724.0
1631893974.919,720.0,725.0
1631893975.218,724.0,724.0
1631893975.521,721.0,724.0
1631893975.82,725.0,724.0
1631893976.119,725.0,724.0
1631893976.422,725.0,724.0
1631893976.721,725.0,724.0
1631893977.02,725.0,723.0
1631893977.319,725.0,724.0
1631893977.622,724.0,724.0
1631893977.921,726.0,723.0
1631893978.22,725.0,724.0
1631893978.523,727.0,724.0
1631893978.822,726.0,725.0
1631893979.121,726.0,725.0
1631893979.424,723.0,725.0
1631893979.723,724.0,725.0
1631893980.023,725.0,725.0
1631893980.325,725.0,725.0
1631893980.625,723.0,725.0
1631893980.924,728.0,725.0
1631893981.223,727.0,725.0
1631893981.526,724.0,725.0
1631893981.825,728.0,725.0
1631893982.124,725.0,725.0
1631893982.427,725.0,725.0
1631893982.726,726.0,725.0
1631893983.025,724.0,725.0
1631893983.328,725.0,725.0
1631893983.627,725.0,725.0
1631893983.926,728.0,725.0
1631893984.229,725.0,725.0
1631893984.528,724.0,725.0
1631893984.827,723.0,725.0
1631893985.126,726.0,725.0
1631893985.429,723.0,725.0
1631893985.728,724.0,724.0
1631893986.027,726.0,724.0
1631893986.33,728.0,724.0
1631893986.629,725.0,725.0
1631893986.928,725.0,725.0
1631893987.231,727.0,724.0
1631893987.53,724.0,725.0
1631893987.829,726.0,725.0
1631893988.132,720.0,725.0
1631893988.431,726.0,724.0
1631893988.73,724.0,725.0
1631893989.029,724.0,725.0
1631893989.332,725.0,724.0
1631893989.632,724.0,724.0
1631893989.93,726.0,724.0
1631893990.233,725.0,724.0
1631893990.532,725.0,724.0
1631893990.831,727.0,724.0
1631893991.134,723.0,724.0
1631893991.433,722.0,724.0
1631893991.732,723.0,724.0
1631893992.035,723.0,724.0
1631893992.334,719.0,724.0
1631893992.634,726.0,723.0
1631893992.933,726.0,723.0
1631893993.236,724.0,723.0
1631893993.535,722.0,723.0
1631893993.834,726.0,723.0
1631893994.137,724.0,723.0
1631893994.436,720.0,723.0
1631893994.735,721.0,723.0
1631893995.038,724.0,723.0
1631893995.337,725.0,723.0
1631893995.636,722.0,723.0
1631893995.939,725.0,723.0
1631893996.238,721.0,723.0
1631893996.537,724.0,723.0
1631893996.836,724.0,723.0
1631893997.139,721.0,723.0
1631893997.438,721.0,722.0
1631893997.737,722.0,722.0
1631893998.04,724.0,722.0
1631893998.339,729.0,722.0
1631893998.638,727.0,723.0
1631893998.941,727.0,723.0
1631893999.24,719.0,724.0
1631893999.539,727.0,723.0
1631893999.842,726.0,724.0
1631894000.141,727.0,724.0
1631894000.44,725.0,724.0
1631894000.739,727.0,725.0
1631894001.042,726.0,725.0
1631894001.341,727.0,726.0
1631894001.64,724.0,725.0
1631894001.943,725.0,725.0
1631894002.242,724.0,725.0
1631894002.541,725.0,725.0
1631894002.844,722.0,725.0
1631894003.143,724.0,725.0
1631894003.442,724.0,724.0
1631894003.745,722.0,724.0
1631894004.044,725.0,724.0
1631894004.343,725.0,724.0
1631894004.643,720.0,724.0
1631894004.945,727.0,723.0
1631894005.245,725.0,723.0
1631894005.544,726.0,723.0
1631894005.846,724.0,724.0
1631894006.146,723.0,724.0
1631894006.445,723.0,724.0
1631894006.748,726.0,724.0
1631894007.047,722.0,724.0
1631894007.346,724.0,724.0
1631894007.649,722.0,724.0
1631894007.948,720.0,724.0
1631894008.247,724.0,723.0
1631894008.546,725.0,723.0
1631894008.849,724.0,723.0
1631894009.148,725.0,723.0
1631894009.447,724.0,723.0
1631894009.75,726.0,723.0
1631894010.049,724.0,723.0
1631894010.348,726.0,723.0
1631894010.651,722.0,724.0
1631894010.95,723.0,724.0
1631894011.249,723.0,724.0
1631894011.552,725.0,724.0
1631894011.851,724.0,724.0
1631894012.15,719.0,724.0
1631894012.449,726.0,723.0
1631894012.752,721.0,723.0
1631894013.051,720.0,723.0
1631894013.35,723.0,722.0
1631894013.653,728.0,722.0
1631894013.952,726.0,723.0
1631894014.251,724.0,723.0
1631894014.554,723.0,723.0
1631894014.853,726.0,723.0
1631894015.152,722.0,723.0
1631894015.455,726.0,723.0
1631894015.756,723.0,723.0
1631894016.053,724.0,724.0
1631894016.352,721.0,724.0
1631894016.655,723.0,724.0
1631894016.954,722.0,723.0
1631894017.254,724.0,723.0
1631894017.556,724.0,723.0
1631894017.855,720.0,723.0
1631894018.155,719.0,722.0
1631894018.457,721.0,722.0
1631894018.757,723.0,722.0
1631894019.056,726.0,722.0
1631894019.359,725.0,722.0
1631894019.658,726.0,722.0
1631894019.957,727.0,723.0
1631894020.256,723.0,723.0
1631894020.559,724.0,723.0
1631894020.858,720.0,723.0
1631894021.157,724.0,723.0
1631894021.46,725.0,723.0
1631894021.759,720.0,724.0
1631894022.058,722.0,724.0
1631894022.361,722.0,723.0
1631894022.66,727.0,723.0
1631894022.959,721.0,723.0
1631894023.262,722.0,722.0
1631894023.561,722.0,722.0
1631894023.86,722.0,722.0
1631894024.159,718.0,722.0
1631894024.462,726.0,722.0
1631894024.761,721.0,722.0
1631894025.06,718.0,722.0
1631894025.363,721.0,721.0
1631894025.662,724.0,721.0
1631894025.961,727.0,721.0
1631894026.264,722.0,722.0
1631894026.563,724.0,722.0
1631894026.862,722.0,722.0
1631894027.165,720.0,722.0
1631894027.464,725.0,722.0
1631894027.763,723.0,722.0
1631894028.062,725.0,722.0
1631894028.365,724.0,723.0
1631894028.664,722.0,723.0
1631894028.964,723.0,723.0
1631894029.266,726.0,723.0
1631894029.565,729.0,723.0
1631894029.865,721.0,723.0
1631894030.167,724.0,723.0
1631894030.467,721.0,724.0
1631894030.766,726.0,723.0
1631894031.069,727.0,724.0
1631894031.368,724.0,724.0
1631894031.667,724.0,724.0
1631894031.966,721.0,724.0
1631894032.269,726.0,724.0
1631894032.568,725.0,724.0
1631894032.867,721.0,723.0
1631894033.17,723.0,723.0
1631894033.469,724.0,723.0
1631894033.768,719.0,724.0
1631894034.071,725.0,723.0
1631894034.37,725.0,723.0
1631894034.669,721.0,723.0
1631894034.968,723.0,723.0
1631894035.271,724.0,723.0
1631894035.57,723.0,723.0
1631894035.869,725.0,722.0
1631894036.172,721.0,723.0
1631894036.471,725.0,723.0
1631894036.77,722.0,723.0
1631894037.073,723.0,723.0
1631894037.372,722.0,723.0
1631894037.671,718.0,722.0
1631894037.974,724.0,722.0
1631894038.273,722.0,722.0
1631894038.572,723.0,722.0
1631894038.871,722.0,722.0
1631894039.174,721.0,722.0
1631894039.473,728.0,722.0
1631894039.772,725.0,722.0
1631894040.075,725.0,722.0
1631894040.374,723.0,723.0
1631894040.673,721.0,723.0
1631894040.976,726.0,723.0
1631894041.275,721.0,723.0
1631894041.575,722.0,723.0
1631894041.877,722.0,723.0
1631894042.176,719.0,723.0
1631894042.476,721.0,723.0
1631894042.775,726.0,722.0
1631894043.078,723.0,722.0
1631894043.377,723.0,722.0
1631894043.676,724.0,722.0
1631894043.979,721.0,722.0
1631894044.278,720.0,722.0
1631894044.577,725.0,722.0
1631894044.88,723.0,722.0
1631894045.179,720.0,722.0
1631894045.478,723.0,722.0
1631894045.781,723.0,722.0
1631894046.08,723.0,722.0
1631894046.379,720.0,722.0
1631894046.678,722.0,722.0
1631894046.981,722.0,722.0
1631894047.28,720.0,722.0
1631894047.579,719.0,722.0
1631894047.882,719.0,721.0
1631894048.181,721.0,721.0
1631894048.48,723.0,721.0
1631894048.783,724.0,721.0
1631894049.082,727.0,721.0
1631894049.381,723.0,721.0
1631894049.684,717.0,722.0
1631894049.983,722.0,721.0
1631894050.282,719.0,721.0
1631894050.581,725.0,721.0
1631894050.884,721.0,722.0
1631894051.183,721.0,722.0
1631894051.482,724.0,722.0
1631894051.785,725.0,722.0
1631894052.084,719.0,722.0
1631894052.383,722.0,721.0
1631894052.686,722.0,721.0
1631894052.985,722.0,722.0
1631894053.284,723.0,722.0
1631894053.587,720.0,722.0
1631894053.886,723.0,721.0
1631894054.185,722.0,722.0
1631894054.485,724.0,722.0
1631894054.788,721.0,722.0
1631894055.087,719.0,721.0
1631894055.386,720.0,721.0
1631894055.689,721.0,721.0
1631894055.988,719.0,721.0
1631894056.287,721.0,721.0
1631894056.59,722.0,721.0
1631894056.889,723.0,721.0
1631894057.188,722.0,721.0
1631894057.491,725.0,721.0
1631894057.79,720.0,721.0
1631894058.089,717.0,721.0
1631894058.388,724.0,721.0
1631894058.691,721.0,721.0
1631894058.99,720.0,721.0
1631894059.289,722.0,721.0
1631894059.592,720.0,721.0
1631894059.891,718.0,721.0
1631894060.19,721.0,720.0
1631894060.493,723.0,720.0
1631894060.792,721.0,720.0
1631894061.091,725.0,720.0
1631894061.394,723.0,721.0
1631894061.693,721.0,721.0
1631894061.992,720.0,721.0
1631894062.291,722.0,721.0
1631894062.594,722.0,721.0
1631894062.893,719.0,721.0
1631894063.192,721.0,721.0
1631894063.495,721.0,721.0
1631894063.794,722.0,721.0
1631894064.093,724.0,721.0
1631894064.396,721.0,721.0
1631894064.695,718.0,721.0
1631894064.994,721.0,721.0
1631894065.297,719.0,721.0
1631894065.596,720.0,720.0
1631894065.895,722.0,720.0
1631894066.195,722.0,720.0
1631894066.497,722.0,721.0
1631894066.797,722.0,721.0
1631894067.096,717.0,721.0
1631894067.398,718.0,720.0
1631894067.698,720.0,720.0
1631894067.997,724.0,720.0
1631894068.3,723.0,720.0
1631894068.598,722.0,721.0
1631894068.897,721.0,721.0
1631894069.201,722.0,721.0
1631894069.5,724.0,721.0
1631894069.799,726.0,721.0
1631894070.098,723.0,721.0
1631894070.401,720.0,722.0
1631894070.7,721.0,722.0
1631894070.999,724.0,722.0
1631894071.302,725.0,722.0
1631894071.601,723.0,722.0
1631894071.9,725.0,722.0
1631894072.203,717.0,723.0
1631894072.502,723.0,722.0
1631894072.801,721.0,722.0
1631894073.104,722.0,722.0
1631894073.403,722.0,722.0
1631894073.702,724.0,722.0
1631894074.001,724.0,722.0
1631894074.304,722.0,722.0
1631894074.603,724.0,722.0
1631894074.902,725.0,722.0
1631894075.205,721.0,722.0
1631894075.504,721.0,722.0
1631894075.803,722.0,722.0
1631894076.106,719.0,722.0
1631894076.405,723.0,722.0
1631894076.704,728.0,722.0
1631894077.007,718.0,722.0
1631894077.306,724.0,722.0
1631894077.605,722.0,722.0
1631894077.904,724.0,722.0
1631894078.207,723.0,722.0
1631894078.506,720.0,722.0
1631894078.806,723.0,722.0
1631894079.108,722.0,722.0
1631894079.408,721.0,722.0
1631894079.707,725.0,722.0
1631894080.01,725.0,722.0
1631894080.309,720.0,722.0
1631894080.608,723.0,722.0
1631894080.911,722.0,722.0
1631894081.21,723.0,722.0
1631894081.509,720.0,722.0
1631894081.808,718.0,722.0
1631894082.111,723.0,721.0
1631894082.41,719.0,722.0
1631894082.709,724.0,721.0
1631894083.012,720.0,721.0
1631894083.311,724.0,721.0
1631894083.61,719.0,721.0
1631894083.913,724.0,721.0
1631894084.212,724.0,721.0
1631894084.511,720.0,721.0
1631894084.814,719.0,721.0
1631894085.113,720.0,721.0
1631894085.412,720.0,721.0
1631894085.711,724.0,721.0
1631894086.014,722.0,721.0
1631894086.313,721.0,721.0
1631894086.612,721.0,721.0
1631894086.915,721.0,721.0
1631894087.214,718.0,721.0
1631894087.513,721.0,720.0
1631894087.816,720.0,720.0
1631894088.115,719.0,720.0
1631894088.414,720.0,720.0
1631894088.717,721.0,720.0
1631894089.016,719.0,720.0
1631894089.315,721.0,720.0
1631894089.614,721.0,720.0
1631894089.917,721.0,720.0
1631894090.216,723.0,720.0
1631894090.515,726.0,720.0
1631894090.818,721.0,721.0
1631894091.117,718.0,721.0
1631894091.417,722.0,721.0
1631894091.719,721.0,721.0
1631894092.018,721.0,721.0
1631894092.318,722.0,721.0
1631894092.62,721.0,721.0
1631894092.92,724.0,721.0
1631894093.219,722.0,721.0
1631894093.518,724.0,721.0
1631894093.821,718.0,721.0
1631894094.12,722.0,721.0
1631894094.419,722.0,721.0
1631894094.722,719.0,721.0
1631894095.021,723.0,721.0
1631894095.32,722.0,721.0
1631894095.623,718.0,721.0
1631894095.922,723.0,721.0
1631894096.221,721.0,721.0
1631894096.524,723.0,721.0
1631894096.823,724.0,721.0
1631894097.122,721.0,721.0
1631894097.421,722.0,721.0
1631894097.724,724.0,721.0
1631894098.023,723.0,722.0
1631894098.322,725.0,722.0
1631894098.625,722.0,722.0
1631894098.924,720.0,722.0
1631894099.223,717.0,722.0
1631894099.526,722.0,722.0
1631894099.825,723.0,722.0
1631894100.124,717.0,721.0
1631894100.427,722.0,721.0
1631894100.726,720.0,721.0
1631894101.025,720.0,721.0
1631894101.324,723.0,720.0
1631894101.627,722.0,720.0
1631894101.926,723.0,720.0
1631894102.225,720.0,720.0
1631894102.528,725.0,721.0
1631894102.827,725.0,721.0
1631894103.127,723.0,721.0
1631894103.429,721.0,722.0
1631894103.728,718.0,722.0
1631894104.027,719.0,722.0
1631894104.33,723.0,721.0
1631894104.629,718.0,721.0
1631894104.929,719.0,721.0
1631894105.228,720.0,721.0
1631894105.531,716.0,721.0
1631894105.83,718.0,720.0
1631894106.129,722.0,719.0
1631894106.432,724.0,719.0
1631894106.731,719.0,719.0
1631894107.03,718.0,719.0
1631894107.333,724.0,719.0
1631894107.632,722.0,719.0
1631894107.931,725.0,720.0
1631894108.234,731.0,720.0
1631894108.533,727.0,721.0
1631894108.832,730.0,723.0
1631894109.131,724.0,724.0
1631894109.434,729.0,724.0
1631894109.733,731.0,724.0
1631894110.032,732.0,726.0
1631894110.335,725.0,727.0
1631894110.634,738.0,727.0
1631894110.933,734.0,729.0
1631894111.236,736.0,730.0
1631894111.535,735.0,730.0
1631894111.834,732.0,731.0
1631894112.137,730.0,731.0
1631894112.436,727.0,732.0
1631894112.735,731.0,732.0
1631894113.034,733.0,732.0
1631894113.337,726.0,732.0
1631894113.636,724.0,732.0
1631894113.935,727.0,730.0
1631894114.238,733.0,730.0
1631894114.537,728.0,729.0
1631894114.836,724.0,729.0
1631894115.139,727.0,728.0
1631894115.438,727.0,728.0
1631894115.737,726.0,728.0
1631894116.04,726.0,727.0
1631894116.339,729.0,726.0
1631894116.639,726.0,727.0
1631894116.938,728.0,727.0
1631894117.24,721.0,727.0
1631894117.54,727.0,726.0
1631894117.839,725.0,726.0
1631894118.142,728.0,726.0
1631894118.441,731.0,726.0
1631894118.74,726.0,726.0
1631894119.043,725.0,726.0
1631894119.342,724.0,726.0
1631894119.641,725.0,726.0
1631894119.944,724.0,726.0
1631894120.243,721.0,725.0
1631894120.542,728.0,725.0
1631894120.841,724.0,725.0
1631894121.144,724.0,725.0
1631894121.443,722.0,725.0
1631894121.742,727.0,724.0
1631894122.045,727.0,724.0
1631894122.344,726.0,724.0
1631894122.643,727.0,724.0
1631894122.946,721.0,725.0
1631894123.245,726.0,724.0
1631894123.544,725.0,725.0
1631894123.847,724.0,724.0
1631894124.146,728.0,724.0
1631894124.445,727.0,725.0
1631894124.744,728.0,725.0
1631894125.047,725.0,725.0
1631894125.346,723.0,725.0
1631894125.645,727.0,725.0
1631894125.948,722.0,725.0
1631894126.247,730.0,725.0
1631894126.546,724.0,725.0
1631894126.849,724.0,725.0
1631894127.148,724.0,725.0
1631894127.447,727.0,725.0
1631894127.75,725.0,725.0
1631894128.049,725.0,725.0
1631894128.348,724.0,725.0
1631894128.648,725.0,725.0
1631894128.95,724.0,725.0
1631894129.25,726.0,725.0
1631894129.549,722.0,724.0
1631894129.852,722.0,724.0
1631894130.151,720.0,724.0
1631894130.45,723.0,724.0
1631894130.753,725.0,723.0
1631894131.052,725.0,723.0
1631894131.351,724.0,723.0
1631894131.654,725.0,723.0
1631894131.953,723.0,723.0
1631894132.252,725.0,723.0
1631894132.551,723.0,723.0
1631894132.854,723.0,723.0
1631894133.153,726.0,723.0
1631894133.452,722.0,724.0
1631894133.755,723.0,724.0
1631894134.054,725.0,723.0
1631894134.353,725.0,723.0
1631894134.656,727.0,724.0
1631894134.955,725.0,724.0
1631894135.254,726.0,724.0
1631894135.557,726.0,724.0
1631894135.856,724.0,724.0
1631894136.155,728.0,724.0
1631894136.454,723.0,725.0
1631894136.757,727.0,725.0
1631894137.056,725.0,725.0
1631894137.355,725.0,725.0
1631894137.658,724.0,725.0
1631894137.957,725.0,725.0
1631894138.256,721.0,725.0
1631894138.559,724.0,724.0
1631894138.858,723.0,724.0
1631894139.157,722.0,724.0
1631894139.46,722.0,723.0
1631894139.759,722.0,723.0
1631894140.058,724.0,723.0
1631894140.357,723.0,723.0
1631894140.66,726.0,723.0
1631894140.959,726.0,723.0
1631894141.259,719.0,723.0
1631894141.561,725.0,723.0
1631894141.86,727.0,723.0
1631894142.16,723.0,723.0
1631894142.463,724.0,723.0
1631894142.762,721.0,723.0
1631894143.061,724.0,723.0
1631894143.36,722.0,723.0
1631894143.663,720.0,723.0
1631894143.962,725.0,723.0
1631894144.261,723.0,723.0
1631894144.564,723.0,723.0
1631894144.863,725.0,723.0
1631894145.162,723.0,723.0
1631894145.465,726.0,723.0
1631894145.764,724.0,723.0
1631894146.063,720.0,723.0
1631894146.366,725.0,723.0
1631894146.665,724.0,723.0
1631894146.964,723.0,723.0
1631894147.263,725.0,723.0
1631894147.566,720.0,723.0
1631894147.865,723.0,723.0
1631894148.164,729.0,723.0
1631894148.467,719.0,723.0
1631894148.766,723.0,723.0
1631894149.065,724.0,723.0
1631894149.368,723.0,723.0
1631894149.667,721.0,723.0
1631894149.966,721.0,723.0
1631894150.269,720.0,722.0
1631894150.568,724.0,722.0
1631894150.867,724.0,722.0
1631894151.166,723.0,722.0
1631894151.469,724.0,722.0
1631894151.768,723.0,722.0
1631894152.067,722.0,722.0
1631894152.37,723.0,722.0
1631894152.669,727.0,722.0
1631894152.968,720.0,723.0
1631894153.271,724.0,723.0
1631894153.57,725.0,723.0
1631894153.87,722.0,723.0
1631894154.172,720.0,723.0
1631894154.472,722.0,723.0
1631894154.771,725.0,722.0
1631894155.07,725.0,723.0
1631894155.373,722.0,723.0
1631894155.672,722.0,723.0
1631894155.971,721.0,722.0
1631894156.274,725.0,722.0
1631894156.573,721.0,722.0
1631894156.872,721.0,722.0
1631894157.175,723.0,722.0
1631894157.474,721.0,722.0
1631894157.773,724.0,722.0
1631894158.076,725.0,722.0
1631894158.375,724.0,722.0
1631894158.674,722.0,722.0
1631894158.973,722.0,722.0
1631894159.276,723.0,722.0
1631894159.575,723.0,722.0
1631894159.874,724.0,722.0
1631894160.177,722.0,723.0
1631894160.476,723.0,723.0
1631894160.775,724.0,723.0
1631894161.078,720.0,723.0
1631894161.377,721.0,722.0
1631894161.676,724.0,722.0
1631894161.979,724.0,722.0
1631894162.278,723.0,722.0
1631894162.577,720.0,722.0
1631894162.876,725.0,722.0
1631894163.179,723.0,722.0
1631894163.478,722.0,722.0
1631894163.777,720.0,722.0
1631894164.08,725.0,722.0
1631894164.379,727.0,722.0
1631894164.678,725.0,723.0
1631894164.981,724.0,723.0
1631894165.28,722.0,723.0
1631894165.579,721.0,723.0
1631894165.882,726.0,723.0
1631894166.182,723.0,723.0
1631894166.481,726.0,723.0
1631894166.78,725.0,723.0
1631894167.083,722.0,724.0
1631894167.382,723.0,724.0
1631894167.681,725.0,723.0
1631894167.984,720.0,723.0
1631894168.283,723.0,723.0
1631894168.582,724.0,723.0
1631894168.885,723.0,723.0
1631894169.184,724.0,723.0
1631894169.483,723.0,723.0
1631894169.786,720.0,723.0
1631894170.085,723.0,722.0
1631894170.384,723.0,722.0
1631894170.683,724.0,722.0
1631894170.986,726.0,722.0
1631894171.285,719.0,723.0
1631894171.584,724.0,722.0
1631894171.887,728.0,722.0
1631894172.186,722.0,723.0
1631894172.485,723.0,723.0
1631894172.788,719.0,723.0
1631894173.087,724.0,723.0
1631894173.386,725.0,723.0
1631894173.689,724.0,723.0
1631894173.988,724.0,723.0
1631894174.287,721.0,723.0
1631894174.586,722.0,723.0
1631894174.889,722.0,723.0
1631894175.188,725.0,722.0
1631894175.487,722.0,722.0
1631894175.79,726.0,722.0
1631894176.089,724.0,723.0
1631894176.388,720.0,723.0
1631894176.691,724.0,723.0
1631894176.993,719.0,723.0
1631894177.29,722.0,722.0
1631894177.592,723.0,722.0
1631894177.892,723.0,722.0
1631894178.19,717.0,722.0
1631894178.49,723.0,722.0
1631894178.793,720.0,722.0
1631894179.092,721.0,721.0
1631894179.391,721.0,721.0
1631894179.694,720.0,721.0
1631894179.993,723.0,720.0
1631894180.292,723.0,721.0
1631894180.595,721.0,721.0
1631894180.894,721.0,721.0
1631894181.193,722.0,721.0
1631894181.496,725.0,721.0
1631894181.795,719.0,721.0
1631894182.094,725.0,721.0
1631894182.393,722.0,722.0
1631894182.696,721.0,722.0
1631894182.995,718.0,722.0
1631894183.294,725.0,721.0
1631894183.597,721.0,721.0
1631894183.896,727.0,721.0
1631894184.195,722.0,722.0
1631894184.498,722.0,722.0
1631894184.797,724.0,722.0
1631894185.096,722.0,722.0
1631894185.399,719.0,722.0
1631894185.698,724.0,722.0
1631894185.997,722.0,722.0
1631894186.296,724.0,722.0
1631894186.599,723.0,722.0
1631894186.898,724.0,722.0
1631894187.197,720.0,722.0
1631894187.5,717.0,722.0
1631894187.799,725.0,721.0
1631894188.098,722.0,722.0
1631894188.401,723.0,722.0
1631894188.7,723.0,722.0
1631894188.999,725.0,722.0
1631894189.302,720.0,722.0
1631894189.601,722.0,722.0
1631894189.9,723.0,722.0
1631894190.199,722.0,722.0
1631894190.502,722.0,722.0
1631894190.801,722.0,722.0
1631894191.101,721.0,722.0
1631894191.403,723.0,722.0
1631894191.703,722.0,722.0
1631894192.002,719.0,722.0
1631894192.305,720.0,721.0
1631894192.604,722.0,721.0
1631894192.903,723.0,721.0
1631894193.206,721.0,721.0
1631894193.505,721.0,721.0
1631894193.804,720.0,721.0
1631894194.103,721.0,721.0
1631894194.406,721.0,721.0
1631894194.705,723.0,721.0
1631894195.004,720.0,721.0
1631894195.307,725.0,721.0
1631894195.606,723.0,721.0
1631894195.905,724.0,721.0
1631894196.208,722.0,721.0
1631894196.507,721.0,722.0
1631894196.806,722.0,722.0
1631894197.109,719.0,722.0
1631894197.408,723.0,722.0
1631894197.707,721.0,722.0
1631894198.006,721.0,722.0
1631894198.309,721.0,722.0
1631894198.608,722.0,721.0
1631894198.907,719.0,721.0
1631894199.21,719.0,721.0
1631894199.509,717.0,720.0
1631894199.808,719.0,720.0
1631894200.111,720.0,720.0
1631894200.41,726.0,720.0
1631894200.709,719.0,720.0
1631894201.012,721.0,720.0
1631894201.311,721.0,720.0
1631894201.61,726.0,720.0
1631894201.909,722.0,720.0
1631894202.212,723.0,721.0
1631894202.511,719.0,721.0
1631894202.811,724.0,721.0
1631894203.113,722.0,722.0
1631894203.412,720.0,722.0
1631894203.712,723.0,721.0
1631894204.014,720.0,722.0
1631894204.314,722.0,722.0
1631894204.613,722.0,722.0
1631894204.916,724.0,721.0
1631894205.215,724.0,721.0
1631894205.514,720.0,722.0
1631894205.813,725.0,722.0
1631894206.116,724.0,722.0
1631894206.415,721.0,722.0
1631894206.714,721.0,722.0
1631894207.017,721.0,722.0
1631894207.316,724.0,722.0
1631894207.615,723.0,722.0
1631894207.918,722.0,722.0
1631894208.217,724.0,722.0
1631894208.516,721.0,722.0
1631894208.819,720.0,722.0
1631894209.118,717.0,722.0
1631894209.417,722.0,721.0
1631894209.716,718.0,721.0
1631894210.019,722.0,721.0
1631894210.318,721.0,721.0
1631894210.617,724.0,721.0
1631894210.92,726.0,721.0
1631894211.219,719.0,721.0
1631894211.518,716.0,721.0
1631894211.821,720.0,720.0
1631894212.12,720.0,720.0
1631894212.419,722.0,720.0
1631894212.722,720.0,720.0
1631894213.021,720.0,721.0
1631894213.32,722.0,720.0
1631894213.619,722.0,720.0
1631894213.922,724.0,720.0
1631894214.221,720.0,720.0
1631894214.52,723.0,720.0
1631894214.823,721.0,721.0
1631894215.122,726.0,721.0
1631894215.422,720.0,722.0
1631894215.724,723.0,721.0
1631894216.024,724.0,722.0
1631894216.323,722.0,722.0
1631894216.626,722.0,722.0
1631894216.925,722.0,722.0
1631894217.224,722.0,722.0
1631894217.523,720.0,722.0
1631894217.826,720.0,722.0
1631894218.125,719.0,722.0
1631894218.424,721.0,721.0
1631894218.727,722.0,721.0
1631894219.026,724.0,721.0
1631894219.325,722.0,721.0
1631894219.628,718.0,721.0
1631894219.927,719.0,721.0
1631894220.226,723.0,720.0
1631894220.529,726.0,720.0
1631894220.828,717.0,721.0
1631894221.127,723.0,721.0
1631894221.426,721.0,721.0
1631894221.729,714.0,721.0
1631894222.028,720.0,720.0
1631894222.327,721.0,720.0
1631894222.63,723.0,720.0
1631894222.929,718.0,720.0
1631894223.228,721.0,720.0
1631894223.531,726.0,720.0
1631894223.83,719.0,720.0
1631894224.129,723.0,720.0
1631894224.432,716.0,720.0
1631894224.731,726.0,720.0
1631894225.03,722.0,721.0
1631894225.329,723.0,721.0
1631894225.632,723.0,721.0
1631894225.931,726.0,721.0
1631894226.23,723.0,722.0
1631894226.533,721.0,722.0
1631894226.832,721.0,722.0
1631894227.132,723.0,722.0
1631894227.434,721.0,722.0
1631894227.733,721.0,722.0
1631894228.033,719.0,722.0
1631894228.335,719.0,722.0
1631894228.635,723.0,721.0
1631894228.934,723.0,721.0
1631894229.233,720.0,721.0
1631894229.536,724.0,721.0
1631894229.835,722.0,721.0
1631894230.134,721.0,721.0
1631894230.437,722.0,721.0
1631894230.736,725.0,721.0
1631894231.035,721.0,721.0
1631894231.338,721.0,722.0
1631894231.637,719.0,722.0
1631894231.936,721.0,721.0
1631894232.239,717.0,721.0
1631894232.538,723.0,721.0
1631894232.837,717.0,721.0
1631894233.136,721.0,720.0
1631894233.439,721.0,720.0
1631894233.738,718.0,720.0
1631894234.037,721.0,719.0
1631894234.34,718.0,719.0
1631894234.639,729.0,719.0
1631894234.938,724.0,720.0
1631894235.241,721.0,720.0
1631894235.54,724.0,721.0
1631894235.839,731.0,721.0
1631894236.142,728.0,722.0
1631894236.441,722.0,723.0
1631894236.74,727.0,723.0
1631894237.039,727.0,724.0
1631894237.342,725.0,725.0
1631894237.641,725.0,725.0
1631894237.94,725.0,725.0
1631894238.243,728.0,725.0
1631894238.542,728.0,726.0
1631894238.841,727.0,726.0
1631894239.144,730.0,726.0
1631894239.443,731.0,726.0
1631894239.742,734.0,727.0
1631894240.045,726.0,728.0
1631894240.344,729.0,727.0
1631894240.644,724.0,728.0
1631894240.943,731.0,728.0
1631894241.245,731.0,728.0
1631894241.545,729.0,729.0
1631894241.844,728.0,729.0
1631894242.147,728.0,729.0
1631894242.446,727.0,729.0
1631894242.745,727.0,728.0
1631894243.048,728.0,728.0
1631894243.347,727.0,728.0
1631894243.646,727.0,728.0
1631894243.949,723.0,728.0
1631894244.248,722.0,727.0
1631894244.547,724.0,726.0
1631894244.846,725.0,726.0
1631894245.149,724.0,725.0
1631894245.448,729.0,725.0
1631894245.747,724.0,725.0
1631894246.05,725.0,725.0
1631894246.349,724.0,725.0
1631894246.648,723.0,724.0
1631894246.951,724.0,724.0
1631894247.25,726.0,724.0
1631894247.549,723.0,724.0
1631894247.852,724.0,724.0
1631894248.151,722.0,724.0
1631894248.45,726.0,724.0
1631894248.749,725.0,724.0
1631894249.052,725.0,724.0
1631894249.351,726.0,724.0
1631894249.65,725.0,724.0
1631894249.953,724.0,724.0
1631894250.252,726.0,724.0
1631894250.551,724.0,724.0
1631894250.854,723.0,724.0
1631894251.153,726.0,724.0
1631894251.452,722.0,725.0
1631894251.755,723.0,724.0
1631894252.054,728.0,724.0
1631894252.354,726.0,724.0
1631894252.653,730.0,724.0
1631894252.955,727.0,725.0
1631894253.255,724.0,725.0
1631894253.554,725.0,725.0
1631894253.857,725.0,725.0
1631894254.156,724.0,725.0
1631894254.455,727.0,725.0
1631894254.758,723.0,725.0
1631894255.057,727.0,725.0
1631894255.356,725.0,725.0
1631894255.659,725.0,725.0
1631894255.958,722.0,725.0
1631894256.257,721.0,724.0
1631894256.556,726.0,724.0
1631894256.859,726.0,724.0
1631894257.158,725.0,724.0
1631894257.457,722.0,724.0
