1630660917.197567,2.0,42.0
1630660917.198157,32.0,53.0
1630660917.1986837,15.0,58.0
1630660917.1991355,1.0,53.0
1630660917.1995566,8.0,22.0
1630660917.199999,31.0,24.0
1630660917.2004602,1.0,48.0
1630660917.2009451,33.0,23.0
1630660917.2013931,37.0,24.0
1630660917.201862,33.0,24.0
1630660917.2023077,18.0,12.0
1630660917.2027676,24.0,31.0
1630660917.2031965,46.0,7.0
1630660917.203637,7.0,58.0
1630660917.2041044,44.0,57.0
1630660918.7111,7.0,49.0
1630660918.8708496,8.0,10.0
1630660919.145262,44.0,38.0
1630660919.1657526,9.0,0.0
1630660919.2313452,42.0,2.0
1630660919.3173466,3.0,7.0
1630660919.5507762,40.0,52.0
1630660919.554966,19.0,9.0
1630660919.8088677,10.0,33.0
1630660919.9112632,28.0,56.0
1630660920.1447313,47.0,26.0
1630660920.3577225,17.0,50.0
1630660920.3906176,29.0,49.0
1630660920.6690888,21.0,7.0
1630660920.9435153,43.0,36.0
1630660921.127826,45.0,8.0
1630660921.2219832,44.0,37.0
1630660921.3203533,3.0,28.0
1630660921.5661268,18.0,50.0
1630660921.5907264,46.0,30.0
1630660921.693145,22.0,46.0
1630660921.9429586,24.0,41.0
1630660922.1968865,27.0,48.0
1630660922.4263012,33.0,58.0
1630660922.6065001,35.0,13.0
1630660922.7703564,14.0,23.0
1630660922.8072689,25.0,29.0
1630660922.8236537,44.0,9.0
1630660922.8317761,17.0,35.0
1630660922.9301007,4.0,51.0
1630660923.1307833,38.0,23.0
1630660923.1349585,32.0,12.0
1630660923.4011915,16.0,57.0
1630660923.438109,44.0,21.0
1630660923.7370143,21.0,8.0
1630660923.8722403,8.0,37.0
1630660924.171232,44.0,24.0
1630660924.3801198,31.0,5.0
1630660924.4579632,35.0,38.0
1630660924.597228,49.0,8.0
1630660924.8102555,10.0,37.0
1630660925.105138,8.0,55.0
1630660925.273094,13.0,10.0
1630660925.3796053,12.0,22.0
1630660925.6458235,32.0,52.0
1630660925.7154384,21.0,15.0
1630660925.8260722,21.0,41.0
1630660926.116869,31.0,38.0
1630660926.1742456,16.0,50.0
1630660926.3135562,29.0,35.0
1630660926.4200363,22.0,58.0
1630660926.6166196,19.0,54.0
1630660926.6411881,39.0,20.0
1630660926.8459747,26.0,3.0
1630660927.050824,13.0,50.0
1630660927.1900523,44.0,0.0
1630660927.2351553,16.0,34.0
1630660927.2597735,44.0,43.0
1630660927.3990374,44.0,10.0
1630660927.448165,9.0,43.0
1630660927.5956519,35.0,37.0
1630660927.8700106,39.0,47.0
1630660928.1567066,46.0,25.0
1630660928.3779626,20.0,44.0
1630660928.4475958,35.0,15.0
1630660928.6728384,34.0,22.0
1630660928.68514,29.0,12.0
1630660928.8285344,45.0,38.0
1630660929.1234357,42.0,15.0
1630660929.2176538,33.0,29.0
1630660929.311863,3.0,7.0
1630660929.4388497,10.0,2.0
1630660929.54948,8.0,37.0
1630660929.610946,25.0,55.0
1630660929.6805692,45.0,36.0
1630660929.946781,39.0,34.0
1630660930.17619,6.0,1.0
1630660930.3522553,10.0,14.0
1630660930.532536,5.0,9.0
1630660930.544788,15.0,13.0
1630660930.8110662,30.0,55.0
1630660931.0650418,6.0,3.0
1630660931.2698178,26.0,28.0
1630660931.5197122,31.0,24.0
1630660931.5566216,8.0,17.0
1630660931.6097963,49.0,3.0
1630660931.740886,31.0,34.0
1630660931.8597457,25.0,29.0
1630660932.039903,29.0,43.0
1630660932.19554,10.0,57.0
1630660932.2406254,17.0,45.0
1630660932.4413056,6.0,44.0
1630660932.7402995,48.0,24.0
1630660932.7894812,0.0,16.0
1630660933.0024765,4.0,57.0
1630660933.104974,31.0,28.0
1630660933.2728062,28.0,59.0
1630660933.2810798,29.0,33.0
1630660933.5636733,47.0,27.0
1630660933.739751,22.0,45.0
1630660934.01418,3.0,4.0
1630660934.1452653,16.0,0.0
1630660934.2886598,20.0,45.0
1630660934.3050761,48.0,15.0
1630660934.3381479,7.0,56.0
1630660934.616372,16.0,17.0
1630660934.8293507,28.0,54.0
1630660935.0505083,37.0,53.0
1630660935.23897,20.0,22.0
1630660935.3741229,47.0,51.0
1630660935.5625536,39.0,33.0
1630660935.7386801,4.0,18.0
1630660935.742862,4.0,20.0
1630660935.853474,47.0,20.0
1630660935.984505,5.0,6.0
1630660935.9926937,38.0,0.0
1630660936.2179542,35.0,57.0
1630660936.3326242,14.0,53.0
1630660936.5907125,4.0,58.0
1630660936.6481133,35.0,9.0
1630660936.7668133,13.0,42.0
1630660936.983914,43.0,19.0
1630660937.2501705,47.0,29.0
1630660937.4467525,3.0,33.0
1630660937.4509492,48.0,25.0
1630660937.6065533,9.0,6.0
1630660937.8399348,24.0,12.0
1630660938.1103692,3.0,57.0
1630660938.331524,0.0,51.0
1630660938.6101189,3.0,20.0
1630660938.8313015,33.0,38.0
1630660939.0361347,26.0,10.0
1630660939.0729513,30.0,19.0
1630660939.1017463,24.0,49.0
1630660939.2449887,49.0,11.0
1630660939.4579206,29.0,43.0
1630660939.5276535,40.0,43.0
1630660939.576796,21.0,9.0
1630660939.7939217,46.0,59.0
1630660939.8266826,21.0,56.0
1630660939.851208,44.0,38.0
1630660939.9455302,21.0,24.0
1630660940.2075987,48.0,51.0
1630660940.3468404,3.0,51.0
1630660940.5475235,5.0,0.0
1630660940.6663373,24.0,29.0
1630660940.8793528,20.0,5.0
1630660941.0923457,33.0,28.0
1630660941.108811,8.0,30.0
1630660941.1374102,45.0,37.0
1630660941.346286,40.0,6.0
1630660941.456952,43.0,33.0
1630660941.5224779,10.0,2.0
1630660941.7231483,2.0,47.0
1630660941.8665133,10.0,20.0
1630660942.165524,27.0,11.0
1630660942.2515469,14.0,5.0
1630660942.2965841,17.0,8.0
1630660942.5382607,15.0,34.0
1630660942.7840154,23.0,20.0
1630660942.9969976,39.0,34.0
1630660943.2018003,29.0,13.0
1630660943.2919526,16.0,56.0
1630660943.2961357,10.0,18.0
1630660943.5868545,20.0,36.0
1630660943.8654225,17.0,12.0
1630660944.0087214,48.0,21.0
1630660944.1193812,16.0,11.0
1630660944.389691,28.0,51.0
1630660944.5495045,45.0,0.0
1630660944.590465,8.0,33.0
1630660944.8197665,0.0,31.0
1630660945.081961,44.0,13.0
1630660945.2089787,27.0,35.0
1630660945.3400512,42.0,56.0
1630660945.548906,15.0,24.0
1630660945.647292,47.0,1.0
1630660945.7537282,24.0,48.0
1630660945.8888884,31.0,35.0
1630660945.8971896,16.0,5.0
1630660946.1715496,31.0,0.0
1630660946.4623687,19.0,5.0
1630660946.4911165,36.0,8.0
1630660946.6179993,34.0,47.0
1630660946.8678327,26.0,46.0
1630660947.142325,16.0,27.0
1630660947.1628313,34.0,51.0
1630660947.3717022,8.0,51.0
1630660947.4168496,18.0,58.0
1630660947.453648,25.0,47.0
1630660947.6420424,18.0,34.0
1630660947.8673341,18.0,28.0
1630660947.8960338,34.0,47.0
1630660948.1376297,4.0,40.0
1630660948.432655,35.0,3.0
1630660948.68252,15.0,31.0
1630660948.9363754,14.0,16.0
1630660948.9733374,25.0,25.0
1630660949.1821973,15.0,32.0
1630660949.2927854,47.0,17.0
1630660949.4934487,47.0,15.0
1630660949.5837123,29.0,9.0
1630660949.649193,29.0,21.0
1630660949.7761261,39.0,58.0
1630660950.005516,0.0,9.0
1630660950.177567,17.0,26.0
1630660950.2185497,43.0,38.0
1630660950.456043,21.0,59.0
1630660950.6526604,47.0,28.0
1630660950.910717,37.0,15.0
1630660951.045924,12.0,44.0
1630660951.234369,34.0,54.0
1630660951.5008514,19.0,35.0
1630660951.7463837,26.0,21.0
1630660951.775028,19.0,11.0
1630660951.7792118,48.0,58.0
1630660952.0126305,4.0,3.0
1630660952.1968985,15.0,11.0
1630660952.3035398,24.0,25.0
1630660952.5205853,4.0,6.0
1630660952.573838,3.0,32.0
1630660952.7089262,41.0,34.0
1630660952.7867732,17.0,40.0
1630660952.8728168,15.0,7.0
1630660953.0980473,29.0,57.0
1630660953.3111217,48.0,22.0
1630660953.339869,39.0,8.0
1630660953.544597,7.0,21.0
1630660953.7001588,16.0,21.0
1630660953.8558576,46.0,55.0
1630660953.98692,44.0,55.0
1630660954.1057758,12.0,13.0
1630660954.3350835,32.0,4.0
1630660954.42524,48.0,32.0
1630660954.6832771,20.0,23.0
1630660954.9208772,14.0,19.0
1630660955.0887866,35.0,1.0
1630660955.3304992,2.0,46.0
1630660955.5516212,0.0,10.0
1630660955.6745539,19.0,25.0
1630660955.920269,11.0,31.0
1630660956.2111225,16.0,19.0
1630660956.4815,39.0,50.0
1630660956.616697,41.0,17.0
1630660956.653549,28.0,57.0
1630660956.8624313,33.0,36.0
1630660956.9525378,41.0,14.0
1630660956.9610267,4.0,6.0
1630660957.0550368,40.0,22.0
1630660957.1164176,40.0,4.0
1630660957.3334649,41.0,7.0
1630660957.612024,34.0,17.0
1630660957.6816835,11.0,1.0
1630660957.7472162,2.0,52.0
1630660957.878348,4.0,19.0
1630660958.0257292,27.0,2.0
1630660958.1364024,19.0,30.0
1630660958.316545,41.0,56.0
1630660958.435325,49.0,32.0
1630660958.6934235,6.0,10.0
1630660958.7467353,48.0,34.0
1630660958.992393,18.0,30.0
1630660959.0948257,45.0,21.0
1630660959.3242064,1.0,45.0
1630660959.4840486,7.0,50.0
1630660959.713324,5.0,13.0
1630660959.7542698,19.0,56.0
1630660959.7584963,21.0,35.0
1630660959.971404,0.0,9.0
1630660960.233566,4.0,3.0
1630660960.2786548,39.0,30.0
1630660960.3155296,15.0,44.0
1630660960.5120482,13.0,18.0
1630660960.6635911,42.0,16.0
1630660960.8766437,20.0,40.0
1630660961.0281804,18.0,21.0
1630660961.175629,46.0,47.0
1630660961.3763413,34.0,28.0
1630660961.548402,48.0,35.0
1630660961.802367,21.0,49.0
1630660961.8965511,19.0,51.0
1630660961.917031,14.0,19.0
1630660962.1464446,10.0,40.0
1630660962.1587803,42.0,18.0
1630660962.2406745,44.0,48.0
1630660962.4332304,25.0,0.0
1630660962.6338882,46.0,27.0
1630660962.9042833,37.0,43.0
1630660962.9370377,2.0,41.0
1630660962.9615834,0.0,40.0
1630660963.0393946,7.0,3.0
1630660963.3384593,14.0,25.0
1630660963.3998778,9.0,10.0
1630660963.4531372,18.0,50.0
1630660963.707046,43.0,15.0
1630660963.8913968,34.0,15.0
1630660964.0142715,1.0,26.0
1630660964.2641332,9.0,43.0
1630660964.2805092,37.0,39.0
1630660964.5795164,0.0,37.0
1630660964.6655216,28.0,44.0
1630660964.7066264,15.0,20.0
1630660964.8745005,40.0,47.0
1630660965.140675,28.0,22.0
1630660965.304524,19.0,30.0
1630660965.5257576,28.0,33.0
1630660965.7878902,10.0,0.0
1630660966.066403,0.0,54.0
1630660966.2752862,6.0,11.0
1630660966.3613353,31.0,4.0
1630660966.4023314,26.0,24.0
1630660966.6521578,8.0,14.0
1630660966.8078442,19.0,28.0
1630660966.8776097,20.0,23.0
1630660966.9266741,24.0,23.0
1630660967.18054,8.0,41.0
1630660967.332131,38.0,3.0
1630660967.4918833,19.0,59.0
1630660967.5492146,11.0,7.0
1630660967.6025217,49.0,28.0
1630660967.844207,30.0,6.0
1630660968.1308296,24.0,56.0
1630660968.2414658,17.0,34.0
1630660968.4790194,34.0,51.0
1630660968.6265564,16.0,47.0
1630660968.638835,39.0,7.0
1630660968.7125351,31.0,35.0
1630660968.847723,24.0,15.0
1630660968.8805015,22.0,28.0
1630660969.1794744,20.0,27.0
1630660969.4744003,39.0,6.0
1630660969.7652526,11.0,52.0
1630660970.027432,12.0,1.0
1630660970.0807824,30.0,21.0
1630660970.2937186,28.0,30.0
1630660970.4943583,9.0,54.0
1630660970.7892234,44.0,10.0
1630660970.920424,9.0,57.0
1630660971.1005237,32.0,12.0
1630660971.3832443,31.0,33.0
1630660971.5061805,21.0,56.0
1630660971.5225785,41.0,40.0
1630660971.6207976,20.0,4.0
1630660971.919757,29.0,4.0
1630660972.1942341,20.0,16.0
1630660972.2926223,30.0,38.0
1630660972.5833359,2.0,48.0
1630660972.784065,12.0,20.0
1630660973.0338933,35.0,43.0
1630660973.148607,9.0,18.0
1630660973.2060885,11.0,42.0
1630660973.2551289,4.0,0.0
1630660973.3371184,20.0,28.0
1630660973.390287,44.0,29.0
1630660973.4845245,19.0,10.0
1630660973.5582962,23.0,25.0
1630660973.775331,0.0,51.0
1630660973.9187195,46.0,49.0
1630660973.9884126,44.0,30.0
1630660974.082572,14.0,24.0
1630660974.3446672,19.0,0.0
1630660974.406158,11.0,5.0
1630660974.6396618,49.0,30.0
1630660974.664202,10.0,53.0
1630660974.6928985,22.0,21.0
1630660974.7585754,18.0,43.0
1630660974.8812973,39.0,37.0
1630660974.9754953,14.0,38.0
1630660975.131119,21.0,1.0
1630660975.184444,36.0,29.0
1630660975.3154914,20.0,22.0
1630660975.426162,16.0,7.0
1630660975.671964,1.0,12.0
1630660975.6842668,23.0,36.0
1630660975.6923535,7.0,53.0
1630660975.85633,3.0,32.0
1630660976.0817757,40.0,33.0
1630660976.1389573,33.0,15.0
1630660976.1799161,1.0,58.0
1630660976.2741778,10.0,18.0
1630660976.3028572,25.0,38.0
1630660976.593791,33.0,22.0
1630660976.7698622,36.0,46.0
1630660977.0441995,14.0,44.0
1630660977.3391795,19.0,22.0
1630660977.3638053,9.0,42.0
1630660977.4128969,16.0,27.0
1630660977.5850108,48.0,20.0
1630660977.6545033,48.0,12.0
1630660977.6997561,28.0,40.0
1630660977.7447355,42.0,23.0
1630660978.0273201,22.0,1.0
1630660978.0354903,21.0,26.0
1630660978.0478575,19.0,31.0
1630660978.1092627,19.0,46.0
1630660978.3631182,16.0,14.0
1630660978.51882,14.0,55.0
1630660978.6541185,16.0,17.0
1630660978.9326239,10.0,12.0
1630660979.2232938,31.0,14.0
1630660979.4895728,27.0,24.0
1630660979.6737897,33.0,50.0
1630660979.796971,49.0,9.0
1630660979.9073808,44.0,24.0
1630660979.9606414,12.0,59.0
1630660980.09586,7.0,23.0
1630660980.194032,9.0,50.0
1630660980.3498344,41.0,1.0
1630660980.4726403,3.0,29.0
1630660980.767657,3.0,1.0
1630660980.8289292,41.0,3.0
1630660980.8494203,18.0,7.0
1630660981.0747504,22.0,59.0
1630660981.3164515,4.0,51.0
1630660981.4107609,45.0,30.0
1630660981.5827208,12.0,56.0
1630660981.7016044,26.0,13.0
1630660981.947131,21.0,39.0
1630660982.180852,29.0,28.0
1630660982.4306421,28.0,57.0
1630660982.5533717,38.0,8.0
1630660982.6804717,26.0,8.0
1630660982.8894882,49.0,15.0
1630660982.9180925,26.0,8.0
1630660983.2129953,19.0,4.0
1630660983.3523762,16.0,58.0
1630660983.6429892,33.0,58.0
1630660983.6634758,48.0,1.0
1630660983.9174907,18.0,57.0
1630660983.962702,11.0,58.0
1630660983.9911892,13.0,55.0
1630660984.195977,8.0,28.0
1630660984.277931,19.0,43.0
1630660984.4540055,42.0,53.0
1630660984.630179,3.0,55.0
1630660984.8024046,25.0,44.0
1630660985.0645223,32.0,19.0
1630660985.1955717,35.0,8.0
1630660985.3675923,10.0,54.0
1630660985.4371357,28.0,45.0
1630660985.4821289,29.0,15.0
1630660985.510855,37.0,43.0
1630660985.5476468,16.0,34.0
1630660985.6297188,25.0,24.0
1630660985.6828973,6.0,39.0
1630660985.8508615,43.0,26.0
1630660986.0844064,24.0,27.0
1630660986.2768807,30.0,7.0
1630660986.4446733,10.0,22.0
1630660986.547221,14.0,32.0
1630660986.7888527,35.0,51.0
1630660986.9978743,10.0,40.0
1630660987.0100288,3.0,10.0
1630660987.194572,0.0,25.0
1630660987.2600348,34.0,8.0
1630660987.2681515,36.0,40.0
1630660987.4565969,49.0,22.0
1630660987.685892,33.0,57.0
1630660987.718727,2.0,9.0
1630660988.0014553,25.0,29.0
1630660988.1242993,45.0,45.0
1630660988.144711,41.0,21.0
1630660988.2183933,14.0,22.0
1630660988.22654,33.0,26.0
1630660988.2429826,1.0,50.0
1630660988.3863626,25.0,58.0
1630660988.451811,31.0,56.0
1630660988.4682696,8.0,44.0
1630660988.71806,8.0,51.0
1630660988.9147274,0.0,14.0
1630660989.1113307,49.0,45.0
1630660989.2464974,12.0,59.0
1630660989.5006537,21.0,26.0
1630660989.6356134,10.0,22.0
1630660989.8117902,43.0,55.0
1630660990.000235,21.0,58.0
1630660990.2213523,41.0,13.0
1630660990.278722,7.0,12.0
1630660990.323832,25.0,8.0
1630660990.4384654,15.0,56.0
1630660990.5286207,47.0,29.0
1630660990.5613017,34.0,48.0
1630660990.6024034,29.0,46.0
1630660990.757938,7.0,17.0
1630660990.9628832,21.0,7.0
1630660991.196467,49.0,56.0
1630660991.4544592,38.0,50.0
1630660991.741143,36.0,56.0
1630660992.023744,24.0,2.0
1630660992.0892386,31.0,12.0
1630660992.3392258,2.0,35.0
1630660992.4743388,4.0,8.0
1630660992.7568414,31.0,50.0
1630660993.0518103,14.0,52.0
1630660993.0886292,37.0,9.0
1630660993.1745868,19.0,41.0
1630660993.281296,8.0,29.0
1630660993.5228548,17.0,39.0
1630660993.5885203,49.0,0.0
1630660993.703209,27.0,2.0
1630660993.8467221,30.0,21.0
1630660993.9325643,30.0,5.0
1630660994.0678763,44.0,25.0
1630660994.2724376,33.0,0.0
1630660994.3298898,34.0,57.0
1630660994.6084356,31.0,58.0
1630660994.8172083,42.0,20.0
1630660995.0671597,1.0,22.0
1630660995.210762,35.0,55.0
1630660995.284204,43.0,2.0
1630660995.2964737,41.0,41.0
1630660995.5752432,18.0,20.0
1630660995.6039112,5.0,22.0
1630660995.7717512,32.0,33.0
1630660995.964353,28.0,24.0
1630660996.2222166,11.0,1.0
1630660996.4311924,4.0,11.0
1630660996.54982,11.0,44.0
1630660996.754649,22.0,13.0
1630660996.898158,36.0,58.0
1630660997.0906744,38.0,43.0
1630660997.1275256,2.0,3.0
1630660997.2996228,19.0,32.0
1630660997.4185116,32.0,42.0
1630660997.5166824,9.0,13.0
1630660997.7052603,19.0,30.0
1630660997.7173681,15.0,58.0
1630660997.860847,45.0,50.0
1630660998.0205436,8.0,23.0
1630660998.1227307,9.0,13.0
1630660998.3728006,1.0,45.0
1630660998.573361,17.0,13.0
1630660998.7741294,16.0,44.0
1630660999.044503,42.0,23.0
1630660999.15929,29.0,37.0
1630660999.2411609,14.0,12.0
1630660999.3968873,26.0,27.0
1630660999.6509607,9.0,32.0
1630660999.9374998,22.0,49.0
1630661000.224254,49.0,19.0
1630661000.3223693,40.0,23.0
1630661000.4084644,43.0,47.0
1630661000.5929918,48.0,7.0
1630661000.6132598,31.0,16.0
1630661000.773194,13.0,34.0
1630661000.9575233,32.0,42.0
1630661000.9695637,41.0,31.0
1630661001.1129608,33.0,13.0
1630661001.2399588,30.0,44.0
1630661001.256379,37.0,30.0
1630661001.5389366,8.0,26.0
1630661001.77262,40.0,19.0
1630661001.9078538,12.0,18.0
1630661001.9609838,26.0,6.0
1630661002.1738806,45.0,1.0
1630661002.4524264,41.0,58.0
1630661002.5056815,20.0,57.0
1630661002.7312007,1.0,2.0
1630661002.86635,37.0,44.0
1630661003.120106,5.0,7.0
1630661003.2676613,8.0,39.0
1630661003.4111543,47.0,1.0
1630661003.5747,7.0,5.0
1630661003.5911589,12.0,4.0
1630661003.8779356,9.0,39.0
1630661003.9926565,40.0,31.0
1630661004.14017,22.0,33.0
1630661004.2547305,49.0,41.0
1630661004.4064653,31.0,36.0
1630661004.430829,46.0,44.0
1630661004.5783765,38.0,31.0
1630661004.6399,35.0,25.0
1630661004.8405788,37.0,57.0
1630661004.8897622,20.0,4.0
1630661004.9839213,25.0,43.0
1630661005.1724665,36.0,45.0
1630661005.4140992,7.0,32.0
1630661005.5779016,28.0,4.0
1630661005.6803422,31.0,40.0
1630661005.7664096,30.0,43.0
1630661005.9341974,48.0,44.0
1630661006.0528572,49.0,25.0
1630661006.1266077,13.0,36.0
1630661006.4053469,48.0,59.0
1630661006.462608,14.0,5.0
1630661006.5526218,7.0,45.0
1630661006.7781565,14.0,15.0
1630661006.987037,47.0,9.0
1630661007.2819686,29.0,6.0
1630661007.4499123,48.0,45.0
1630661007.511197,18.0,13.0
1630661007.7898164,3.0,43.0
1630661007.814285,9.0,21.0
1630661007.9905944,34.0,15.0
1630661008.1913137,36.0,39.0
1630661008.4083254,0.0,13.0
1630661008.5597253,42.0,28.0
1630661008.6418455,31.0,27.0
1630661008.6498775,6.0,38.0
1630661008.8547847,17.0,14.0
1630661008.8669612,20.0,58.0
1630661009.084233,46.0,44.0
1630661009.141596,13.0,57.0
1630661009.3382068,34.0,16.0
1630661009.4487321,12.0,53.0
1630661009.5266464,24.0,44.0
1630661009.6413255,23.0,42.0
1630661009.9198654,27.0,9.0
1630661009.9690218,31.0,33.0
1630661010.2025282,39.0,40.0
1630661010.3949463,47.0,24.0
1630661010.5669858,8.0,40.0
1630661010.6160848,18.0,1.0
1630661010.6323845,42.0,13.0
1630661010.9111679,6.0,20.0
1630661011.2100642,18.0,50.0
1630661011.369813,49.0,34.0
1630661011.3983216,21.0,31.0
1630661011.447746,17.0,10.0
1630661011.7017026,25.0,21.0
1630661011.89801,42.0,34.0
1630661011.9679005,46.0,47.0
1630661012.189049,15.0,9.0
1630661012.4594867,15.0,40.0
1630661012.4715,25.0,49.0
1630661012.7665122,23.0,54.0
1630661012.8402913,14.0,14.0
1630661012.8608847,25.0,57.0
1630661013.0205495,27.0,2.0
1630661013.0943615,22.0,59.0
1630661013.1351056,33.0,17.0
1630661013.3646936,40.0,46.0
1630661013.462777,12.0,55.0
1630661013.4998221,16.0,21.0
1630661013.5856318,27.0,38.0
1630661013.6432734,22.0,27.0
1630661013.7783155,31.0,6.0
1630661014.073344,30.0,35.0
1630661014.3313982,19.0,32.0
1630661014.4747846,12.0,26.0
1630661014.605624,43.0,26.0
1630661014.7327263,26.0,13.0
1630661014.9130125,46.0,32.0
1630661015.0728211,9.0,57.0
1630661015.0972693,22.0,0.0
1630661015.2487242,15.0,20.0
1630661015.3430126,1.0,12.0
1630661015.6174967,27.0,17.0
1630661015.6420949,15.0,1.0
1630661015.879698,49.0,7.0
1630661016.1009426,30.0,56.0
1630661016.1253338,31.0,27.0
1630661016.2852035,47.0,13.0
1630661016.5105577,29.0,2.0
1630661016.7604554,3.0,19.0
1630661016.9281762,27.0,4.0
1630661017.1577299,27.0,6.0
1630661017.1657696,22.0,21.0
1630661017.3911903,48.0,37.0
1630661017.4401636,44.0,27.0
1630661017.4935362,9.0,57.0
1630661017.6615555,1.0,44.0
1630661017.9482727,20.0,55.0
1630661017.9685295,27.0,35.0
1630661018.0627913,14.0,0.0
1630661018.181701,17.0,43.0
1630661018.2964525,4.0,28.0
1630661018.58701,25.0,53.0
1630661018.6075656,7.0,36.0
1630661018.6896853,42.0,22.0
1630661018.8985846,40.0,25.0
1630661018.968246,6.0,21.0
1630661019.0910454,20.0,22.0
1630661019.2058027,35.0,32.0
1630661019.5007026,35.0,30.0
1630661019.6316657,13.0,11.0
1630661019.77921,1.0,50.0
1630661019.9307072,47.0,34.0
1630661020.07819,23.0,8.0
1630661020.3486032,32.0,59.0
1630661020.5042894,45.0,22.0
1630661020.6271858,39.0,39.0
1630661020.7213886,36.0,7.0
1630661020.9138455,0.0,6.0
1630661021.1185424,15.0,44.0
1630661021.3726745,24.0,37.0
1630661021.450392,45.0,46.0
1630661021.5119538,41.0,11.0
1630661021.6510918,6.0,59.0
1630661021.7534976,47.0,49.0
1630661021.815043,22.0,25.0
1630661022.0156698,19.0,40.0
1630661022.3064857,48.0,13.0
1630661022.5849688,26.0,33.0
1630661022.679352,43.0,23.0
1630661022.7898297,24.0,26.0
1630661022.7978919,30.0,41.0
1630661022.8798668,25.0,29.0
1630661023.0028093,8.0,25.0
1630661023.3057897,21.0,14.0
1630661023.3632963,6.0,12.0
1630661023.514832,3.0,35.0
1630661023.797543,5.0,22.0
1630661023.8466663,45.0,12.0
1630661023.9163582,31.0,0.0
1630661024.18246,47.0,39.0
1630661024.3504682,1.0,19.0
1630661024.633212,29.0,56.0
1630661024.6616178,1.0,36.0
1630661024.6945782,31.0,0.0
1630661024.7559536,1.0,45.0
1630661024.825698,4.0,57.0
1630661025.0222096,15.0,48.0
1630661025.0836508,16.0,13.0
1630661025.161493,36.0,30.0
1630661025.313093,26.0,59.0
1630661025.5220442,32.0,31.0
1630661025.7963848,1.0,27.0
1630661025.8743114,8.0,57.0
1630661025.9109898,2.0,58.0
1630661025.9355328,38.0,34.0
1630661026.1443975,46.0,3.0
1630661026.3082905,23.0,46.0
1630661026.4845715,5.0,34.0
1630661026.607526,31.0,57.0
1630661026.6811435,29.0,54.0
1630661026.906541,6.0,56.0
1630661026.922724,47.0,53.0
1630661027.2055583,7.0,20.0
1630661027.2628348,0.0,36.0
1630661027.2790422,33.0,35.0
1630661027.2873805,12.0,6.0
1630661027.4962735,8.0,27.0
1630661027.770705,37.0,56.0
1630661027.9224498,24.0,6.0
1630661028.1353023,33.0,21.0
1630661028.2908711,21.0,36.0
1630661028.5040507,14.0,29.0
1630661028.639222,9.0,18.0
1630661028.8356378,10.0,27.0
1630661028.876781,42.0,35.0
1630661028.8970604,11.0,0.0
1630661029.1102362,9.0,10.0
1630661029.3969178,45.0,38.0
1630661029.5320597,38.0,44.0
1630661029.7124045,40.0,50.0
1630661029.83113,25.0,58.0
1630661030.1014428,37.0,2.0
1630661030.3922527,20.0,22.0
1630661030.5971265,34.0,0.0
1630661030.7445269,3.0,20.0
1630661030.7937593,25.0,22.0
1630661030.9368937,20.0,18.0
1630661031.1787872,15.0,15.0
1630661031.4573314,34.0,27.0
1630661031.7316437,30.0,10.0
1630661031.8259559,6.0,1.0
1630661032.0715384,22.0,55.0
1630661032.3093274,25.0,40.0
1630661032.3869789,36.0,37.0
1630661032.5918903,37.0,35.0
1630661032.7761626,45.0,56.0
1630661033.0587428,32.0,47.0
1630661033.1080656,49.0,5.0
1630661033.1611865,27.0,6.0
1630661033.2514265,45.0,56.0
1630661033.5135257,31.0,45.0
1630661033.718272,29.0,50.0
1630661033.7428145,7.0,42.0
1630661033.7961018,23.0,40.0
1630661034.0009956,33.0,14.0
1630661034.0827494,7.0,23.0
1630661034.2222385,37.0,49.0
1630661034.5129354,36.0,11.0
1630661034.7055695,22.0,10.0
1630661034.9348574,4.0,26.0
1630661035.057733,17.0,43.0
1630661035.1970057,13.0,12.0
1630661035.4345996,44.0,48.0
1630661035.5166004,29.0,5.0
1630661035.524723,37.0,20.0
1630661035.8114755,47.0,19.0
1630661035.8770597,13.0,0.0
1630661035.9793656,47.0,1.0
1630661036.0653973,5.0,40.0
1630661036.2128687,22.0,36.0
1630661036.241556,19.0,9.0
1630661036.3316984,29.0,52.0
1630661036.561048,8.0,7.0
1630661036.745397,12.0,56.0
1630661036.7535439,45.0,48.0
1630661036.9379354,8.0,33.0
1630661037.1058424,5.0,54.0
1630661037.3596532,35.0,30.0
1630661037.6259634,29.0,38.0
1630661037.8636227,9.0,45.0
1630661037.9865913,48.0,24.0
1630661038.166714,37.0,31.0
1630661038.207697,48.0,57.0
1630661038.4123344,32.0,56.0
1630661038.4861622,33.0,30.0
1630661038.6786757,20.0,30.0
1630661038.731914,3.0,48.0
1630661038.9613428,23.0,2.0
1630661039.2317307,0.0,5.0
1630661039.4897568,21.0,24.0
1630661039.7231827,47.0,28.0
1630661040.0099301,35.0,48.0
1630661040.268117,24.0,23.0
1630661040.5302308,22.0,24.0
1630661040.6654425,39.0,56.0
1630661040.911175,48.0,27.0
1630661041.2059119,17.0,3.0
1630661041.4804618,43.0,36.0
1630661041.5213885,46.0,22.0
1630661041.775445,42.0,36.0
1630661041.8819146,31.0,21.0
1630661041.9761128,38.0,24.0
1630661042.2301502,37.0,23.0
1630661042.2463217,15.0,33.0
1630661042.303871,38.0,51.0
1630661042.5906608,40.0,20.0
1630661042.6232,26.0,49.0
1630661042.7337995,14.0,37.0
1630661042.8568015,38.0,6.0
1630661042.9018526,7.0,45.0
1630661043.0084498,29.0,31.0
1630661043.1516778,9.0,41.0
1630661043.2172945,25.0,34.0
1630661043.508041,14.0,3.0
1630661043.639134,1.0,12.0
1630661043.6800256,3.0,49.0
1630661043.9135995,30.0,59.0
1630661044.1880288,40.0,56.0
1630661044.4748273,4.0,18.0
1630661044.5444903,36.0,26.0
1630661044.8066556,24.0,38.0
1630661044.8268564,27.0,35.0
1630661044.9579072,41.0,49.0
1630661045.1138127,35.0,25.0
1630661045.2775645,11.0,12.0
1630661045.4495301,19.0,14.0
1630661045.5520158,4.0,51.0
1630661045.666707,4.0,23.0
1630661045.7445028,13.0,11.0
1630661045.8878636,8.0,39.0
1630661045.8918521,22.0,12.0
1630661046.1662822,15.0,29.0
1630661046.2771275,43.0,20.0
1630661046.3877165,5.0,24.0
1630661046.5351963,11.0,9.0
1630661046.8218937,48.0,45.0
1630661046.9284205,10.0,40.0
1630661047.116841,13.0,53.0
1630661047.3830798,35.0,0.0
1630661047.6697571,42.0,14.0
1630661047.9606173,13.0,53.0
1630661047.9687028,48.0,43.0
1630661048.2267923,41.0,37.0
1630661048.4153025,47.0,29.0
1630661048.6282737,19.0,40.0
1630661048.8577328,15.0,31.0
1630661049.070737,46.0,10.0
1630661049.1771336,23.0,28.0
1630661049.197433,20.0,16.0
1630661049.4639115,27.0,32.0
1630661049.5785456,30.0,36.0
1630661049.6769242,41.0,18.0
1630661049.951293,19.0,23.0
1630661050.0168622,31.0,38.0
1630661050.2009308,17.0,12.0
1630661050.250363,11.0,55.0
1630661050.3689253,29.0,7.0
1630661050.6599433,36.0,20.0
1630661050.9139407,42.0,41.0
1630661051.155589,11.0,24.0
1630661051.327565,13.0,30.0
1630661051.4341142,35.0,0.0
1630661051.4914737,45.0,17.0
1630661051.569351,49.0,22.0
1630661051.7536554,17.0,59.0
1630661052.0239987,37.0,49.0
1630661052.3229983,18.0,38.0
1630661052.3310504,15.0,57.0
1630661052.4457965,29.0,24.0
1630661052.65882,16.0,52.0
1630661052.7571254,10.0,38.0
1630661053.0356205,21.0,4.0
1630661053.2814333,30.0,57.0
1630661053.4371934,4.0,35.0
1630661053.645904,21.0,48.0
1630661053.691164,2.0,15.0
1630661053.9040415,10.0,0.0
1630661054.1866155,10.0,42.0
1630661054.3956225,1.0,20.0
1630661054.633169,20.0,4.0
1630661054.637129,5.0,28.0
1630661054.8175473,24.0,29.0
1630661055.0099502,44.0,56.0
1630661055.0343692,31.0,1.0
1630661055.2188864,38.0,43.0
1630661055.427827,22.0,33.0
1630661055.5220034,1.0,3.0
1630661055.718803,7.0,40.0
1630661055.7760606,39.0,21.0
1630661055.9767044,10.0,14.0
1630661056.2716854,28.0,11.0
1630661056.4191473,31.0,13.0
1630661056.6400986,18.0,15.0
1630661056.7180429,24.0,13.0
1630661056.9803848,37.0,55.0
1630661057.099125,43.0,46.0
1630661057.2055464,31.0,18.0
1630661057.4554253,30.0,9.0
1630661057.7421706,32.0,54.0
1630661058.0287957,20.0,33.0
1630661058.2378323,38.0,4.0
1630661058.3771148,38.0,27.0
1630661058.438511,8.0,16.0
1630661058.5161622,27.0,32.0
1630661058.5938954,29.0,30.0
1630661058.6514256,1.0,7.0
1630661058.872745,39.0,40.0
1630661059.0404181,27.0,36.0
1630661059.245334,11.0,44.0
1630661059.4993966,25.0,19.0
1630661059.6387422,49.0,59.0
1630661059.8107285,24.0,50.0
1630661059.8761473,42.0,22.0
1630661059.9006863,10.0,34.0
1630661059.9457846,43.0,57.0
1630661059.9539614,15.0,48.0
1630661060.023651,32.0,8.0
1630661060.0853333,8.0,2.0
1630661060.2980254,19.0,50.0
1630661060.3349614,42.0,36.0
1630661060.5847266,8.0,50.0
1630661060.8183026,19.0,57.0
1630661061.051757,44.0,33.0
1630661061.260699,11.0,25.0
1630661061.41645,7.0,33.0
1630661061.5925472,14.0,27.0
1630661061.6949232,14.0,49.0
1630661061.7358713,14.0,27.0
1630661062.0308168,48.0,47.0
1630661062.2438722,17.0,0.0
1630661062.4976413,20.0,43.0
1630661062.5551138,18.0,46.0
1630661062.5631368,22.0,17.0
1630661062.7557368,21.0,56.0
1630661062.870638,41.0,18.0
1630661062.9072595,38.0,51.0
1630661063.1778066,7.0,20.0
1630661063.271963,43.0,52.0
1630661063.5626023,13.0,28.0
1630661063.570712,48.0,37.0
1630661063.615856,38.0,26.0
1630661063.6609547,15.0,28.0
1630661063.7716432,16.0,43.0
1630661063.808533,4.0,27.0
1630661063.964155,22.0,6.0
1630661064.1976435,3.0,20.0
1630661064.4269664,14.0,11.0
1630661064.6316788,29.0,2.0
1630661064.8488681,38.0,30.0
1630661064.930762,2.0,13.0
1630661065.078358,47.0,55.0
1630661065.3322222,38.0,46.0
1630661065.5576484,17.0,42.0
1630661065.7828102,26.0,16.0
1630661065.8442814,29.0,4.0
1630661066.0860424,40.0,57.0
1630661066.3153815,11.0,43.0
1630661066.3601801,2.0,25.0
1630661066.5979052,22.0,7.0
1630661066.7536979,15.0,27.0
1630661067.0157275,32.0,37.0
1630661067.060883,28.0,53.0
1630661067.2943418,1.0,59.0
1630661067.519586,23.0,4.0
1630661067.6095943,8.0,59.0
1630661067.6546981,48.0,7.0
1630661067.7079377,33.0,8.0
1630661067.7489572,21.0,19.0
1630661067.916956,30.0,41.0
1630661067.994753,13.0,47.0
1630661068.2485545,48.0,29.0
1630661068.2649379,30.0,47.0
1630661068.391877,25.0,48.0
1630661068.4780998,14.0,47.0
1630661068.682858,38.0,27.0
1630661068.8877125,31.0,19.0
1630661069.0433803,46.0,27.0
1630661069.1825595,38.0,1.0
1630661069.4283502,2.0,45.0
1630661069.6986442,11.0,48.0
1630661069.899424,43.0,53.0
1630661070.1780577,36.0,22.0
1630661070.4441714,20.0,1.0
1630661070.7309623,40.0,28.0
1630661070.7841797,5.0,7.0
1630661070.8004978,1.0,25.0
1630661071.00132,9.0,57.0
1630661071.0914245,43.0,22.0
1630661071.3738663,3.0,59.0
1630661071.5583298,11.0,44.0
1630661071.689361,27.0,4.0
1630661071.9147668,6.0,34.0
1630661072.0212283,48.0,28.0
1630661072.2260778,37.0,35.0
1630661072.4595263,36.0,37.0
1630661072.6848035,14.0,34.0
1630661072.8118377,33.0,3.0
1630661072.9427812,44.0,50.0
1630661073.0739558,4.0,5.0
1630661073.2541015,14.0,35.0
1630661073.2826352,29.0,50.0
1630661073.3030627,40.0,21.0
1630661073.5285993,49.0,47.0
1630661073.5326262,10.0,44.0
1630661073.6924891,10.0,44.0
1630661073.819458,27.0,1.0
1630661073.9218233,32.0,44.0
1630661074.007909,19.0,23.0
1630661074.2618737,18.0,58.0
1630661074.2904916,19.0,34.0
1630661074.511716,37.0,57.0
1630661074.5320406,39.0,12.0
1630661074.7739031,33.0,22.0
1630661075.0114796,2.0,7.0
1630661075.1015968,38.0,27.0
1630661075.1381197,32.0,41.0
1630661075.3388658,32.0,7.0
1630661075.388341,35.0,10.0
1630661075.6094935,23.0,5.0
1630661075.6832418,17.0,38.0
1630661075.9779544,0.0,14.0
1630661076.0680594,7.0,59.0
1630661076.1133296,43.0,32.0
1630661076.3918912,19.0,18.0
1630661076.5228126,48.0,9.0
1630661076.6786647,40.0,8.0
1630661076.8915064,26.0,12.0
1630661076.9407637,17.0,13.0
1630661077.1537497,41.0,51.0
1630661077.362596,18.0,23.0
1630661077.366622,22.0,17.0
1630661077.6206002,28.0,6.0
1630661077.9155996,13.0,23.0
1630661078.0261729,34.0,13.0
1630661078.1122496,32.0,29.0
1630661078.1202726,12.0,4.0
1630661078.370103,35.0,10.0
1630661078.5667632,44.0,6.0
1630661078.7184703,34.0,55.0
1630661078.9847388,41.0,59.0
1630661079.25891,19.0,41.0
1630661079.3533757,10.0,13.0
1630661079.6442068,11.0,8.0
1630661079.6522505,12.0,19.0
1630661079.8858762,19.0,11.0
1630661080.0989008,14.0,4.0
1630661080.2135265,44.0,51.0
1630661080.3405132,41.0,39.0
1630661080.4347107,45.0,6.0
1630661080.627213,11.0,18.0
1630661080.8114874,3.0,58.0
1630661081.03275,3.0,0.0
1630661081.2416878,23.0,37.0
1630661081.5241563,49.0,53.0
1630661081.774092,43.0,58.0
1630661081.8191419,25.0,35.0
1630661081.9993742,26.0,50.0
1630661082.2368538,28.0,28.0
1630661082.4336097,12.0,1.0
1630661082.6794238,37.0,34.0
1630661082.978327,30.0,27.0
1630661083.2323954,25.0,3.0
1630661083.2979577,15.0,30.0
1630661083.4412832,25.0,3.0
1630661083.5066812,12.0,9.0
1630661083.6870556,23.0,57.0
1630661083.8427653,23.0,53.0
1630661083.949186,2.0,16.0
1630661084.1130328,38.0,31.0
1630661084.37927,44.0,29.0
1630661084.4610927,46.0,29.0
1630661084.6578152,44.0,35.0
1630661084.8216512,8.0,3.0
1630661085.026391,4.0,26.0
1630661085.1819074,0.0,55.0
1630661085.2106056,13.0,32.0
1630661085.2187994,34.0,7.0
1630661085.4361327,27.0,11.0
1630661085.6285985,33.0,40.0
1630661085.9275792,40.0,22.0
1630661085.939761,36.0,42.0
1630661086.099649,19.0,54.0
1630661086.177477,16.0,17.0
1630661086.4765043,0.0,59.0
1630661086.7755282,43.0,48.0
1630661086.849121,1.0,6.0
1630661087.1400976,20.0,41.0
1630661087.1892588,11.0,27.0
1630661087.3326561,26.0,16.0
1630661087.5127773,6.0,36.0
1630661087.7748084,39.0,59.0
1630661087.852679,37.0,46.0
1630661087.955129,6.0,51.0
1630661088.2132068,48.0,46.0
1630661088.3812218,33.0,41.0
1630661088.6721597,34.0,58.0
1630661088.7006545,44.0,26.0
1630661088.7988827,39.0,15.0
1630661088.8235316,18.0,20.0
1630661089.0898125,40.0,28.0
1630661089.097991,33.0,3.0
1630661089.2291348,23.0,56.0
1630661089.446183,12.0,29.0
1630661089.4992576,12.0,41.0
1630661089.6346002,35.0,51.0
1630661089.8558676,20.0,46.0
1630661090.052357,28.0,26.0
1630661090.0850909,49.0,23.0
1630661090.21215,38.0,41.0
1630661090.400461,19.0,41.0
1630661090.6173918,23.0,18.0
1630661090.7692347,18.0,41.0
1630661090.9576802,1.0,23.0
1630661091.0518918,20.0,13.0
1630661091.2935956,26.0,50.0
1630661091.3506887,32.0,6.0
1630661091.5432634,14.0,2.0
1630661091.649894,40.0,59.0
1630661091.8506663,34.0,35.0
1630661091.9448273,32.0,14.0
1630661092.2151568,43.0,47.0
1630661092.239611,45.0,4.0
1630661092.3340216,16.0,14.0
1630661092.4159913,8.0,41.0
1630661092.5838845,20.0,42.0
1630661092.8747106,4.0,49.0
1630661093.1243563,47.0,12.0
1630661093.3046963,46.0,37.0
1630661093.5503068,40.0,46.0
1630661093.747149,43.0,1.0
1630661093.7633848,25.0,17.0
1630661093.9680843,42.0,31.0
1630661094.0338864,25.0,37.0
1630661094.234585,32.0,17.0
1630661094.3000698,36.0,12.0
1630661094.308184,10.0,19.0
1630661094.3204663,45.0,45.0
1630661094.500801,13.0,28.0
1630661094.7670236,28.0,5.0
1630661094.971741,15.0,46.0
1630661095.258496,40.0,43.0
1630661095.463369,0.0,19.0
1630661095.58632,47.0,59.0
1630661095.6025913,17.0,17.0
1630661095.8360994,21.0,51.0
1630661095.9057906,28.0,22.0
1630661096.106324,2.0,56.0
1630661096.1555846,26.0,24.0
1630661096.204774,37.0,53.0
1630661096.2170718,7.0,19.0
1630661096.327743,26.0,20.0
1630661096.54477,20.0,12.0
1630661096.6018922,42.0,26.0
1630661096.614295,36.0,9.0
1630661096.7986708,37.0,27.0
1630661096.8274765,9.0,25.0
1630661096.9298427,19.0,31.0
1630661096.999369,3.0,33.0
1630661097.1960685,41.0,58.0
1630661097.3434694,37.0,46.0
1630661097.5647588,28.0,34.0
1630661097.7283533,27.0,7.0
1630661098.027567,31.0,10.0
1630661098.314388,30.0,3.0
1630661098.4331698,29.0,47.0
1630661098.7197657,39.0,54.0
1630661098.752508,46.0,29.0
1630661098.981929,21.0,35.0
1630661099.1171944,29.0,6.0
1630661099.2031538,26.0,54.0
1630661099.3874798,35.0,27.0
1630661099.5348032,49.0,20.0
1630661099.8175344,8.0,53.0
1630661099.9322703,27.0,30.0
1630661100.0756133,35.0,31.0
1630661100.3214095,4.0,8.0
1630661100.5835807,46.0,39.0
1630661100.7595103,48.0,45.0
1630661100.9071136,19.0,27.0
1630661100.9152818,33.0,29.0
1630661101.0996552,44.0,26.0
1630661101.2347429,11.0,29.0
1630661101.3905792,49.0,37.0
1630661101.4356132,23.0,35.0
1630661101.7139447,20.0,56.0
1630661101.988555,35.0,28.0
1630661102.078696,17.0,4.0
1630661102.2259762,36.0,10.0
1630661102.2383695,25.0,38.0
1630661102.3817766,3.0,52.0
1630661102.4924073,46.0,32.0
1630661102.5578403,46.0,47.0
1630661102.619402,3.0,19.0
1630661102.7667277,21.0,40.0
1630661102.914315,29.0,18.0
1630661103.0125775,15.0,36.0
1630661103.2543085,29.0,47.0
1630661103.4057755,27.0,48.0
1630661103.5857553,10.0,18.0
1630661103.7785454,11.0,37.0
1630661103.852274,38.0,2.0
1630661104.0979328,4.0,19.0
1630661104.3683858,25.0,45.0
1630661104.5199428,15.0,20.0
1630661104.5896022,27.0,1.0
1630661104.8476412,10.0,25.0
1630661104.9377308,6.0,53.0
1630661105.1138828,15.0,19.0
1630661105.1220555,46.0,53.0
1630661105.253067,49.0,2.0
1630661105.2734516,4.0,22.0
1630661105.3228257,9.0,36.0
1630661105.552127,2.0,56.0
1630661105.7078457,26.0,19.0
1630661105.8020327,3.0,36.0
1630661106.0642128,35.0,35.0
1630661106.186901,21.0,13.0
1630661106.4368565,44.0,35.0
1630661106.514496,23.0,20.0
1630661106.7236207,37.0,23.0
1630661106.8095698,42.0,1.0
1630661106.9653378,2.0,38.0
1630661107.21108,12.0,45.0
1630661107.342061,42.0,3.0
1630661107.5225418,33.0,34.0
1630661107.7106495,2.0,13.0
1630661107.9852808,9.0,34.0
1630661108.0548134,18.0,58.0
1630661108.2023687,2.0,34.0
1630661108.2351365,8.0,41.0
1630661108.3292627,41.0,24.0
1630661108.423539,37.0,54.0
1630661108.6529784,37.0,22.0
1630661108.9519212,31.0,52.0
1630661109.0338125,33.0,56.0
1630661109.1690755,30.0,55.0
1630661109.3409781,11.0,33.0
1630661109.5867279,45.0,40.0
1630661109.8817964,26.0,32.0
1630661109.9965222,33.0,21.0
1630661110.1765795,33.0,55.0
1630661110.2217515,16.0,50.0
1630661110.4920092,47.0,24.0
1630661110.5699923,32.0,41.0
1630661110.6518607,1.0,27.0
1630661110.7747562,15.0,1.0
1630661110.9386013,32.0,46.0
1630661111.1802335,12.0,44.0
1630661111.3359606,27.0,15.0
1630661111.5939662,23.0,46.0
1630661111.7536285,23.0,5.0
1630661111.8930008,46.0,47.0
1630661112.0118275,33.0,31.0
1630661112.187894,43.0,26.0
1630661112.2862747,17.0,21.0
1630661112.3803685,5.0,54.0
1630661112.6753232,16.0,33.0
1630661112.8801134,1.0,20.0
1630661113.0399299,4.0,51.0
1630661113.1832733,31.0,43.0
1630661113.3839738,42.0,10.0
1630661113.6010413,4.0,9.0
1630661113.641904,31.0,0.0
1630661113.7977197,32.0,19.0
1630661113.9655995,45.0,35.0
1630661114.1171067,38.0,49.0
1630661114.1375306,7.0,6.0
1630661114.4243333,45.0,14.0
1630661114.616851,42.0,1.0
1630661114.8297598,46.0,26.0
1630661114.993772,40.0,1.0
1630661115.2845523,9.0,15.0
1630661115.4034002,36.0,32.0
1630661115.4279144,31.0,22.0
1630661115.632778,27.0,38.0
1630661115.6407857,13.0,12.0
1630661115.8784952,49.0,13.0
1630661116.0832574,36.0,31.0
1630661116.2799833,28.0,49.0
1630661116.4271822,17.0,36.0
1630661116.6608596,9.0,39.0
1630661116.9516072,14.0,4.0
1630661117.2219694,6.0,24.0
1630661117.336668,25.0,45.0
1630661117.451443,10.0,59.0
1630661117.7381816,48.0,13.0
1630661117.770881,34.0,46.0
1630661117.9224873,10.0,7.0
1630661118.1969314,20.0,8.0
1630661118.2173119,7.0,59.0
1630661118.475424,11.0,47.0
1630661118.7661648,10.0,20.0
1630661119.0038729,28.0,18.0
1630661119.2987337,15.0,35.0
1630661119.3683596,47.0,3.0
1630661119.6221912,39.0,55.0
1630661119.8474402,14.0,5.0
1630661120.064815,30.0,58.0
1630661120.2204647,9.0,29.0
1630661120.3679135,15.0,56.0
1630661120.5194483,41.0,53.0
1630661120.5356843,44.0,46.0
1630661120.7365506,33.0,0.0
1630661120.970039,3.0,26.0
1630661121.0231864,12.0,8.0
1630661121.3057828,37.0,28.0
1630661121.3673313,4.0,16.0
1630661121.3795018,14.0,9.0
1630661121.6254501,16.0,29.0
1630661121.6867871,28.0,1.0
1630661121.9202933,12.0,11.0
1630661122.1781728,10.0,59.0
1630661122.4733164,42.0,46.0
1630661122.596016,44.0,7.0
1630661122.878821,37.0,0.0
1630661122.9362056,28.0,0.0
1630661123.046807,12.0,46.0
1630661123.0671546,36.0,7.0
1630661123.0957282,37.0,56.0
1630661123.1040149,2.0,10.0
1630661123.3703132,0.0,16.0
1630661123.4850852,15.0,46.0
1630661123.6857543,27.0,12.0
1630661123.8659015,36.0,4.0
1630661123.976597,37.0,14.0
1630661124.1117532,23.0,11.0
1630661124.2878144,27.0,17.0
1630661124.5786786,16.0,45.0
1630661124.8529894,12.0,56.0
1630661125.074371,7.0,49.0
1630661125.152149,0.0,12.0
1630661125.1561875,13.0,8.0
1630661125.1887994,0.0,36.0
1630661125.393778,15.0,51.0
1630661125.5659132,47.0,28.0
1630661125.6641335,9.0,16.0
1630661125.8402374,25.0,4.0
1630661126.000004,19.0,32.0
1630661126.2417665,7.0,35.0
1630661126.516115,4.0,45.0
1630661126.5816917,37.0,8.0
1630661126.8806372,20.0,56.0
1630661126.9913669,42.0,21.0
1630661127.1714947,3.0,41.0
1630661127.4336734,19.0,48.0
1630661127.544353,26.0,42.0
1630661127.712116,23.0,28.0
1630661127.732576,1.0,40.0
1630661127.9825835,12.0,24.0
1630661128.1750162,15.0,11.0
1630661128.203779,19.0,13.0
1630661128.4862952,27.0,8.0
1630661128.7730608,11.0,10.0
1630661128.7975276,7.0,39.0
1630661129.0598044,10.0,39.0
1630661129.084371,27.0,26.0
1630661129.182791,15.0,52.0
1630661129.231929,12.0,31.0
1630661129.41197,41.0,0.0
1630661129.498183,31.0,43.0
1630661129.7190695,35.0,50.0
1630661129.7396145,19.0,57.0
1630661129.9322903,14.0,16.0
1630661129.9403448,36.0,51.0
1630661130.1041517,42.0,46.0
1630661130.226964,27.0,4.0
1630661130.309142,7.0,5.0
1630661130.321443,6.0,51.0
1630661130.44023,44.0,1.0
1630661130.5139222,33.0,31.0
1630661130.5918338,36.0,42.0
1630661130.6942313,19.0,21.0
1630661130.9727554,9.0,25.0
1630661131.0505576,32.0,0.0
1630661131.10795,19.0,14.0
1630661131.3947136,9.0,42.0
1630661131.558504,33.0,10.0
1630661131.6854014,0.0,59.0
1630661131.951707,47.0,59.0
1630661132.2383971,13.0,13.0
1630661132.4309032,24.0,33.0
1630661132.4431283,45.0,11.0
1630661132.664422,19.0,43.0
1630661132.8322055,17.0,51.0
1630661132.9428802,15.0,24.0
1630661133.0331523,49.0,20.0
1630661133.1191351,23.0,4.0
1630661133.3566732,21.0,7.0
1630661133.6106722,2.0,32.0
1630661133.6678433,12.0,31.0
1630661133.7499454,0.0,56.0
1630661133.9793673,17.0,40.0
1630661134.0859,10.0,1.0
1630661134.1799946,13.0,30.0
1630661134.4340358,4.0,12.0
1630661134.4790187,23.0,10.0
1630661134.6880226,7.0,13.0
1630661134.9048882,22.0,0.0
1630661134.9131818,21.0,38.0
1630661135.072997,31.0,14.0
1630661135.2122018,32.0,21.0
1630661135.2203293,33.0,37.0
1630661135.228392,9.0,11.0
1630661135.4743602,10.0,31.0
1630661135.7119174,9.0,49.0
1630661135.883972,25.0,7.0
1630661136.0150566,30.0,7.0
1630661136.0724056,22.0,27.0
1630661136.0929215,47.0,22.0
1630661136.3058681,14.0,18.0
1630661136.4000962,19.0,7.0
1630661136.4656804,24.0,58.0
1630661136.5353258,32.0,12.0
1630661136.6047623,29.0,22.0
1630661136.768813,48.0,34.0
1630661137.0349214,34.0,27.0
1630661137.112777,0.0,17.0
1630661137.2356167,20.0,11.0
1630661137.4897788,38.0,5.0
1630661137.7107966,9.0,17.0
1630661137.75191,8.0,52.0
1630661137.8297317,49.0,42.0
1630661137.8828213,13.0,11.0
1630661138.157373,21.0,4.0
1630661138.3581142,36.0,11.0
1630661138.3662155,22.0,15.0
1630661138.5219653,7.0,11.0
1630661138.7388384,32.0,17.0
1630661138.923309,0.0,38.0
1630661139.091312,4.0,9.0
1630661139.197829,10.0,54.0
1630661139.3860984,8.0,6.0
1630661139.6687148,33.0,51.0
1630661139.7835002,33.0,31.0
1630661139.840772,21.0,24.0
1630661140.1234443,18.0,53.0
1630661140.4102323,40.0,24.0
1630661140.6355922,11.0,48.0
1630661140.6436446,15.0,33.0
1630661140.7585092,31.0,54.0
1630661140.7706182,32.0,32.0
1630661141.0122824,29.0,12.0
1630661141.0696433,18.0,21.0
1630661141.1147456,35.0,7.0
1630661141.2416542,43.0,19.0
1630661141.3728673,3.0,27.0
1630661141.3809242,2.0,53.0
1630661141.4711626,19.0,53.0
1630661141.7085965,23.0,56.0
1630661141.8684945,18.0,15.0
1630661142.0199773,29.0,12.0
1630661142.0240235,38.0,35.0
1630661142.1756315,5.0,42.0
1630661142.4132612,46.0,44.0
1630661142.4869525,43.0,0.0
1630661142.7328026,48.0,7.0
1630661142.880213,47.0,7.0
1630661143.0030184,39.0,13.0
1630661143.1014545,16.0,25.0
1630661143.257107,14.0,54.0
1630661143.2651787,17.0,1.0
1630661143.3143134,0.0,49.0
1630661143.6133718,4.0,8.0
1630661143.6420195,10.0,36.0
1630661143.6747897,32.0,13.0
1630661143.7237678,1.0,4.0
1630661143.7647533,36.0,10.0
1630661143.7852778,34.0,1.0
1630661143.8058722,22.0,41.0
1630661144.0967665,43.0,29.0
1630661144.272866,29.0,28.0
1630661144.358736,35.0,42.0
1630661144.5678544,28.0,47.0
1630661144.7725718,25.0,21.0
1630661144.9528728,16.0,53.0
1630661145.0225735,10.0,41.0
1630661145.100338,12.0,43.0
1630661145.2518075,28.0,8.0
1630661145.3378837,7.0,29.0
1630661145.6286845,5.0,49.0
1630661145.8335104,39.0,5.0
1630661145.9029183,36.0,45.0
1630661145.9235377,9.0,56.0
1630661146.214291,34.0,51.0
1630661146.247152,16.0,28.0
1630661146.480692,15.0,29.0
1630661146.6773727,37.0,26.0
1630661146.9681854,40.0,29.0
1630661147.0213041,46.0,15.0
1630661147.1236997,0.0,50.0
1630661147.3572726,44.0,0.0
1630661147.5333152,38.0,46.0
1630661147.5578418,3.0,31.0
1630661147.6235476,25.0,0.0
1630661147.8078296,49.0,25.0
1630661148.004387,19.0,51.0
1630661148.0987334,39.0,15.0
1630661148.2666512,45.0,18.0
1630661148.4630637,29.0,47.0
1630661148.6065662,46.0,46.0
1630661148.7663465,45.0,6.0
1630661149.040682,19.0,25.0
1630661149.1595962,30.0,59.0
1630661149.393102,26.0,27.0
1630661149.5527825,24.0,16.0
1630661149.7247903,48.0,11.0
1630661149.9787781,39.0,0.0
1630661150.007447,6.0,40.0
1630661150.1385221,38.0,40.0
1630661150.2491307,28.0,38.0
1630661150.4374177,44.0,52.0
1630661150.7159846,6.0,38.0
1630661150.9290607,5.0,42.0
1630661150.974162,9.0,49.0
1630661151.2035596,0.0,10.0
1630661151.4697545,42.0,9.0
1630661151.6376424,42.0,12.0
1630661151.8917425,24.0,30.0
1630661152.178478,5.0,11.0
1630661152.2685525,6.0,58.0
1630661152.559393,0.0,47.0
1630661152.7559211,41.0,44.0
1630661152.9728816,33.0,38.0
1630661153.2351825,16.0,59.0
1630661153.267843,2.0,38.0
1630661153.3458066,31.0,53.0
1630661153.5340126,47.0,11.0
1630661153.6817217,47.0,1.0
1630661153.7510743,29.0,14.0
1630661153.8495774,10.0,26.0
1630661153.9766264,21.0,34.0
1630661154.1937337,41.0,55.0
1630661154.308477,47.0,34.0
1630661154.5623171,24.0,46.0
1630661154.7793992,29.0,46.0
1630661154.8571086,1.0,17.0
1630661155.1111867,37.0,30.0
1630661155.1808438,31.0,54.0
1630661155.3487604,47.0,11.0
1630661155.528968,13.0,59.0
1630661155.758277,12.0,43.0
1630661155.9918005,48.0,9.0
1630661156.1763065,9.0,3.0
1630661156.3768725,49.0,44.0
1630661156.5490184,33.0,24.0
1630661156.6104844,13.0,41.0
1630661156.8316813,1.0,21.0
1630661156.8766944,12.0,48.0
1630661156.9626634,3.0,34.0
1630661157.1797764,6.0,16.0
1630661157.2576954,11.0,57.0
1630661157.2943478,39.0,40.0
1630661157.417311,27.0,38.0
1630661157.5361032,47.0,20.0
1630661157.572785,35.0,2.0
1630661157.6754727,40.0,32.0
1630661157.8516066,24.0,26.0
1630661157.9867165,14.0,7.0
1630661158.031622,42.0,56.0
1630661158.0932364,18.0,50.0
1630661158.2119458,46.0,53.0
1630661158.4700987,7.0,37.0
1630661158.5314884,15.0,34.0
1630661158.568157,30.0,53.0
1630661158.5967941,11.0,11.0
1630661158.6421251,48.0,42.0
1630661158.7691467,21.0,48.0
1630661159.047632,23.0,45.0
1630661159.2606018,42.0,2.0
1630661159.453156,18.0,24.0
1630661159.7029812,44.0,29.0
1630661159.9118645,47.0,42.0
1630661160.1659262,10.0,42.0
1630661160.2559931,6.0,57.0
1630661160.29281,39.0,6.0
1630661160.5508971,7.0,1.0
1630661160.6942728,12.0,27.0
1630661160.7391837,13.0,3.0
1630661160.8742929,25.0,56.0
1630661160.9441507,47.0,54.0
1630661160.9891095,21.0,57.0
1630661161.161101,31.0,46.0
1630661161.1980095,32.0,25.0
1630661161.386644,24.0,49.0
1630661161.628247,31.0,18.0
1630661161.8123345,27.0,33.0
1630661161.878103,8.0,50.0
1630661162.0008655,47.0,46.0
1630661162.0170848,41.0,59.0
1630661162.250818,33.0,54.0
1630661162.2669885,35.0,10.0
1630661162.447398,46.0,23.0
1630661162.586719,41.0,31.0
1630661162.6357775,39.0,20.0
1630661162.9225771,17.0,17.0
1630661162.9470055,2.0,49.0
1630661163.1518044,0.0,27.0
1630661163.4425764,32.0,19.0
1630661163.729407,15.0,9.0
1630661163.921931,0.0,44.0
1630661164.0327153,7.0,39.0
1630661164.3111043,7.0,5.0
1630661164.5896242,14.0,40.0
1630661164.7085304,35.0,29.0
1630661164.8067937,43.0,26.0
1630661164.9829779,13.0,23.0
1630661165.2246218,1.0,57.0
1630661165.4989312,42.0,24.0
1630661165.7939517,11.0,33.0
1630661166.0724745,27.0,19.0
1630661166.293585,49.0,20.0
1630661166.3674066,5.0,13.0
1630661166.4001358,15.0,42.0
1630661166.4493375,21.0,27.0
1630661166.6173007,3.0,44.0
1630661166.8466737,28.0,50.0
1630661166.998287,45.0,26.0
1630661167.1947944,15.0,58.0
1630661167.280684,14.0,16.0
1630661167.3874078,48.0,3.0
1630661167.4447103,12.0,37.0
1630661167.59208,12.0,26.0
1630661167.649254,35.0,15.0
1630661167.7067132,49.0,37.0
1630661167.9403656,30.0,24.0
1630661168.0878348,21.0,16.0
1630661168.296497,43.0,33.0
1630661168.5791004,5.0,18.0
1630661168.6571827,5.0,55.0
1630661168.7921822,34.0,7.0
1630661168.980699,44.0,3.0
1630661169.1855056,0.0,59.0
1630661169.1895626,14.0,54.0
1630661169.3535392,45.0,18.0
1630661169.546105,20.0,5.0
1630661169.6851923,49.0,14.0
1630661169.894118,29.0,53.0
1630661170.0745142,36.0,20.0
1630661170.2585347,36.0,6.0
1630661170.336577,4.0,26.0
1630661170.439046,7.0,44.0
1630661170.623253,44.0,39.0
1630661170.6764367,6.0,28.0
1630661170.8936636,42.0,57.0
1630661170.9876928,2.0,40.0
1630661171.1064985,31.0,42.0
1630661171.303134,1.0,13.0
1630661171.3440824,3.0,14.0
1630661171.4425278,19.0,19.0
1630661171.6022196,5.0,34.0
1630661171.720884,7.0,27.0
1630661171.9791577,16.0,1.0
1630661172.0527792,1.0,3.0
1630661172.0649924,26.0,48.0
1630661172.2493637,19.0,9.0
1630661172.4174247,49.0,24.0
1630661172.4254713,45.0,42.0
1630661172.5443041,18.0,11.0
1630661172.6999872,34.0,40.0
1630661172.9704094,34.0,34.0
1630661173.0973027,19.0,27.0
1630661173.1669784,45.0,56.0
1630661173.4045064,47.0,41.0
1630661173.5764093,4.0,48.0
1630661173.7814064,45.0,17.0
1630661174.0271003,8.0,49.0
1630661174.2318735,47.0,14.0
1630661174.5147314,11.0,33.0
1630661174.7399578,4.0,40.0
1630661174.8176947,21.0,39.0
1630661174.8874002,49.0,21.0
1630661175.0798113,38.0,9.0
1630661175.2190256,29.0,12.0
1630661175.4157567,27.0,15.0
1630661175.710759,23.0,46.0
1630661175.9728029,12.0,28.0
1630661176.1408193,11.0,58.0
1630661176.4070263,11.0,42.0
1630661176.6404486,45.0,19.0
1630661176.8617034,26.0,57.0
1630661176.873768,17.0,36.0
1630661177.1647608,29.0,49.0
1630661177.2385547,9.0,41.0
1630661177.529409,16.0,40.0
1630661177.7791476,18.0,14.0
1630661178.0537083,41.0,3.0
1630661178.274769,14.0,16.0
1630661178.2869482,43.0,14.0
1630661178.4305522,20.0,40.0
1630661178.684483,3.0,58.0
1630661178.9301217,38.0,18.0
1630661179.1432056,34.0,15.0
1630661179.323399,7.0,9.0
1630661179.5609455,35.0,36.0
1630661179.597897,13.0,27.0
1630661179.7576563,25.0,5.0
1630661179.9746175,24.0,11.0
1630661180.2450006,16.0,30.0
1630661180.3966315,4.0,21.0
1630661180.658836,39.0,50.0
1630661180.798027,20.0,0.0
1630661181.0478995,35.0,51.0
1630661181.2773085,22.0,43.0
1630661181.2977874,6.0,31.0
1630661181.5515175,5.0,44.0
1630661181.7115436,8.0,11.0
1630661181.908186,48.0,44.0
1630661181.9367096,8.0,44.0
1630661181.9899979,38.0,45.0
1630661182.2809117,18.0,22.0
1630661182.403718,18.0,42.0
1630661182.6905394,48.0,42.0
1630661182.9361718,24.0,27.0
1630661182.9606636,45.0,46.0
1630661183.075571,4.0,50.0
1630661183.2803774,0.0,34.0
1630661183.464658,13.0,4.0
1630661183.7595253,17.0,2.0
1630661183.870181,9.0,3.0
1630661184.0666735,14.0,57.0
1630661184.0994744,12.0,26.0
1630661184.2101412,40.0,19.0
1630661184.472185,34.0,33.0
1630661184.5666122,7.0,42.0
1630661184.849095,22.0,18.0
1630661185.1399229,12.0,44.0
1630661185.1849926,42.0,13.0
1630661185.3692904,19.0,7.0
1630661185.4307733,49.0,36.0
1630661185.4717903,2.0,17.0
1630661185.557788,37.0,43.0
1630661185.758552,13.0,29.0
1630661185.8936603,3.0,21.0
1630661186.090337,32.0,36.0
1630661186.2213159,33.0,29.0
1630661186.4874468,46.0,55.0
1630661186.6432517,30.0,58.0
1630661186.700555,11.0,49.0
1630661186.9830115,28.0,6.0
1630661187.2000875,44.0,41.0
1630661187.3806064,31.0,2.0
1630661187.4707093,31.0,16.0
1630661187.6138966,8.0,37.0
1630661187.7655575,45.0,59.0
1630661187.9908555,31.0,51.0
1630661188.1751614,27.0,28.0
1630661188.3307855,6.0,12.0
1630661188.3923316,46.0,52.0
1630661188.4292307,1.0,30.0
1630661188.601002,37.0,30.0
1630661188.6296918,41.0,17.0
1630661188.7485678,46.0,41.0
1630661188.7526388,39.0,9.0
1630661188.9329705,44.0,48.0
1630661189.2238533,38.0,43.0
1630661189.2605574,29.0,49.0
1630661189.391691,23.0,54.0
1630661189.4778087,21.0,10.0
1630661189.7316542,7.0,2.0
1630661189.7439172,28.0,8.0
1630661189.8627353,41.0,57.0
1630661189.9652612,47.0,37.0
1630661190.2396784,14.0,16.0
1630661190.427924,20.0,35.0
1630661190.6042814,24.0,36.0
1630661190.8580406,36.0,52.0
1630661191.0302231,12.0,23.0
1630661191.296468,48.0,19.0
1630661191.5136058,7.0,40.0
1630661191.62404,2.0,22.0
1630661191.8289182,26.0,26.0
1630661192.0501144,42.0,55.0
1630661192.1525018,14.0,22.0
1630661192.2426732,42.0,38.0
1630661192.328659,46.0,42.0
1630661192.4678361,6.0,32.0
1630661192.6441436,23.0,43.0
1630661192.7423306,31.0,34.0
1630661192.992132,19.0,17.0
1630661193.0453634,12.0,12.0
1630661193.1069245,49.0,18.0
1630661193.385344,28.0,27.0
1630661193.655737,21.0,45.0
1630661193.9219973,6.0,10.0
1630661193.9998605,10.0,25.0
1630661194.1392193,7.0,20.0
1630661194.3603115,33.0,45.0
1630661194.5937884,40.0,0.0
1630661194.6880038,31.0,53.0
1630661194.8068871,21.0,8.0
1630661194.999299,28.0,6.0
1630661195.286114,26.0,23.0
1630661195.4622924,11.0,16.0
1630661195.72446,3.0,19.0
1630661195.7940145,10.0,22.0
1630661195.7979724,30.0,0.0
1630661195.8266675,19.0,20.0
1630661195.838889,9.0,7.0
1630661195.9620223,25.0,54.0
1630661196.0846086,17.0,25.0
1630661196.2937553,20.0,10.0
1630661196.4289706,33.0,26.0
1630661196.4985335,10.0,19.0
1630661196.6419165,21.0,1.0
1630661196.9409306,10.0,41.0
1630661197.08423,35.0,53.0
1630661197.3380475,31.0,3.0
1630661197.3586957,20.0,31.0
1630661197.3708336,17.0,29.0
1630661197.6332326,15.0,17.0
1630661197.8420284,17.0,28.0
1630661197.850189,11.0,17.0
1630661197.8869038,45.0,33.0
1630661197.9977186,40.0,3.0
1630661198.2312574,15.0,11.0
1630661198.4072497,35.0,44.0
1630661198.59144,15.0,40.0
1630661198.7800076,14.0,51.0
1630661198.8375127,35.0,19.0
1630661198.9890203,19.0,58.0
1630661199.0175118,19.0,50.0
1630661199.312562,32.0,43.0
1630661199.378078,43.0,54.0
1630661199.4477925,6.0,11.0
1630661199.5952451,27.0,18.0
1630661199.6566973,15.0,58.0
1630661199.668886,31.0,31.0
1630661199.6810353,12.0,12.0
1630661199.959784,23.0,39.0
1630661200.029406,28.0,21.0
1630661200.1728039,9.0,31.0
1630661200.4145293,3.0,6.0
1630661200.6026032,47.0,6.0
1630661200.8117714,12.0,24.0
1630661200.864891,3.0,1.0
1630661201.077953,7.0,8.0
1630661201.1681597,6.0,14.0
1630661201.4056184,13.0,33.0
1630661201.639214,16.0,34.0
1630661201.8930962,16.0,50.0
1630661201.9668684,19.0,49.0
1630661202.0611138,31.0,45.0
1630661202.0691776,18.0,26.0
1630661202.1840184,12.0,7.0
1630661202.2248523,38.0,32.0
1630661202.3436515,43.0,26.0
1630661202.5772038,6.0,50.0
1630661202.8025558,10.0,29.0
1630661202.994873,15.0,51.0
1630661203.261259,41.0,19.0
1630661203.4454212,12.0,5.0
1630661203.7077096,40.0,39.0
1630661203.8141649,40.0,36.0
1630661204.0558004,9.0,50.0
1630661204.3262873,13.0,47.0
1630661204.5719242,14.0,36.0
1630661204.6128254,27.0,53.0
1630661204.7931368,44.0,44.0
1630661204.8997414,41.0,36.0
1630661205.09633,23.0,0.0
1630661205.2847626,40.0,12.0
1630661205.3461852,3.0,41.0
1630661205.51825,30.0,53.0
1630661205.7762985,39.0,16.0
1630661205.8787653,23.0,53.0
1630661205.8907382,19.0,7.0
1630661205.915369,31.0,15.0
1630661205.9235964,39.0,45.0
1630661206.0876162,26.0,52.0
1630661206.3374083,38.0,24.0
1630661206.423306,19.0,39.0
1630661206.431686,34.0,53.0
1630661206.6732285,46.0,38.0
1630661206.9272442,42.0,24.0
1630661207.0294662,37.0,20.0
1630661207.0541055,43.0,43.0
1630661207.3082805,24.0,34.0
1630661207.5703845,8.0,9.0
1630661207.6933327,6.0,12.0
1630661207.9594798,13.0,41.0
1630661208.1315942,35.0,0.0
1630661208.1561558,38.0,34.0
1630661208.2503986,9.0,59.0
1630661208.5493994,10.0,41.0
1630661208.7828727,46.0,9.0
1630661208.8156986,41.0,8.0
1630661208.8975837,39.0,0.0
1630661208.9754374,8.0,43.0
1630661209.1842957,40.0,55.0
1630661209.3521378,10.0,50.0
1630661209.4874418,5.0,13.0
1630661209.7823474,44.0,28.0
1630661209.831427,11.0,26.0
1630661209.9583912,29.0,49.0
1630661210.2410748,25.0,30.0
1630661210.4172006,14.0,28.0
1630661210.5687904,31.0,53.0
1630661210.7079031,4.0,48.0
1630661210.8760202,1.0,5.0
1630661210.9579098,26.0,13.0
1630661211.1216297,8.0,32.0
1630661211.3387184,41.0,16.0
1630661211.4289165,39.0,45.0
1630661211.4616117,1.0,29.0
1630661211.6951945,23.0,15.0
1630661211.891776,23.0,41.0
1630661211.9368823,0.0,55.0
1630661212.186673,22.0,7.0
1630661212.4529865,40.0,47.0
1630661212.6250439,15.0,23.0
1630661212.6619277,8.0,32.0
1630661212.7806647,14.0,33.0
1630661213.018119,34.0,20.0
1630661213.1083124,17.0,41.0
1630661213.3541036,31.0,19.0
1630661213.427636,10.0,40.0
1630661213.4318724,14.0,1.0
1630661213.5629172,34.0,39.0
1630661213.6777592,22.0,43.0
1630661213.9152613,5.0,12.0
1630661214.0666306,26.0,19.0
1630661214.2019515,44.0,17.0
1630661214.2757003,21.0,11.0
1630661214.463975,2.0,42.0
1630661214.4762878,10.0,54.0
1630661214.6526568,39.0,6.0
1630661214.7387073,32.0,27.0
1630661214.9065099,2.0,17.0
1630661214.943257,24.0,36.0
1630661215.1277847,27.0,51.0
1630661215.1605318,20.0,4.0
1630661215.320255,46.0,42.0
1630661215.516715,46.0,31.0
1630661215.5248768,27.0,2.0
1630661215.6807747,48.0,46.0
1630661215.8321588,37.0,0.0
1630661216.0944114,10.0,1.0
1630661216.3522856,28.0,40.0
1630661216.5163279,1.0,53.0
1630661216.770179,7.0,12.0
1630661216.995588,8.0,40.0
1630661217.09358,46.0,17.0
1630661217.2413023,1.0,4.0
1630661217.487135,14.0,23.0
1630661217.5524049,29.0,40.0
1630661217.8026028,39.0,27.0
1630661217.8680792,40.0,0.0
1630661218.0522637,2.0,30.0
1630661218.2202547,32.0,10.0
1630661218.2448375,34.0,23.0
1630661218.2692838,14.0,7.0
1630661218.5151708,26.0,52.0
1630661218.6012228,6.0,18.0
1630661218.7159834,4.0,39.0
1630661218.99022,28.0,34.0
1630661219.0312495,22.0,6.0
1630661219.293455,26.0,4.0
1630661219.465507,29.0,40.0
1630661219.5597458,6.0,33.0
1630661219.7153695,24.0,57.0
1630661219.7808864,23.0,43.0
1630661219.9159625,43.0,21.0
1630661220.0511062,8.0,42.0
1630661220.1864073,31.0,41.0
1630661220.4568646,22.0,54.0
1630661220.6411963,31.0,17.0
1630661220.6613784,46.0,16.0
1630661220.8253927,25.0,29.0
1630661220.8663964,43.0,23.0
1630661220.985341,17.0,4.0
1630661221.1078587,5.0,58.0
1630661221.390799,5.0,0.0
1630661221.5953562,0.0,15.0
1630661221.8126478,41.0,48.0
1630661221.898571,15.0,57.0
1630661222.0090792,28.0,9.0
1630661222.1608603,33.0,51.0
1630661222.3492103,28.0,34.0
1630661222.4802413,2.0,45.0
1630661222.7261057,39.0,35.0
1630661222.8490202,9.0,43.0
1630661222.856975,42.0,38.0
1630661223.082411,25.0,17.0
1630661223.1971161,38.0,24.0
1630661223.2995725,41.0,21.0
1630661223.4265757,21.0,40.0
1630661223.6148076,16.0,31.0
1630661223.81144,47.0,29.0
1630661223.8155386,21.0,4.0
1630661224.0614047,41.0,36.0
1630661224.3277063,18.0,39.0
1630661224.3480184,29.0,2.0
1630661224.573458,11.0,22.0
1630661224.679888,30.0,38.0
1630661224.8233154,49.0,34.0
1630661224.9461224,25.0,17.0
1630661225.183755,8.0,3.0
1630661225.4376943,34.0,14.0
1630661225.5360036,45.0,39.0
1630661225.7409446,23.0,30.0
1630661225.757026,4.0,18.0
1630661225.8226793,13.0,20.0
1630661226.0603034,42.0,31.0
1630661226.0684154,36.0,2.0
1630661226.3428388,31.0,0.0
1630661226.3674674,30.0,29.0
1630661226.646032,23.0,35.0
1630661226.6580966,15.0,45.0
1630661226.8220396,13.0,52.0
1630661226.9901912,25.0,27.0
1630661227.076014,46.0,7.0
1630661227.2030818,14.0,34.0
1630661227.4284565,16.0,6.0
1630661227.6535356,11.0,42.0
1630661227.8339016,19.0,40.0
1630661228.0469193,32.0,51.0
1630661228.0878766,40.0,13.0
1630661228.1492608,46.0,16.0
1630661228.2518518,1.0,58.0
1630661228.272086,9.0,0.0
1630661228.3295588,0.0,8.0
1630661228.5710363,45.0,0.0
1630661228.6079605,19.0,24.0
1630661228.7963557,45.0,57.0
1630661228.9028485,40.0,58.0
1630661229.099619,23.0,6.0
1630661229.3659563,35.0,48.0
1630661229.4642696,30.0,34.0
1630661229.4803295,22.0,37.0
1630661229.6608746,28.0,14.0
1630661229.7262554,8.0,22.0
1630661229.9106605,40.0,5.0
1630661230.0989938,19.0,52.0
1630661230.144191,49.0,50.0
1630661230.353063,26.0,46.0
1630661230.6315546,43.0,12.0
1630661230.906001,23.0,13.0
1630661231.0575182,37.0,25.0
1630661231.1928074,23.0,23.0
1630661231.2582204,8.0,8.0
1630661231.344313,13.0,20.0
1630661231.4672241,30.0,20.0
1630661231.663733,43.0,28.0
1630661231.6678164,19.0,23.0
1630661231.70902,49.0,19.0
1630661231.950324,10.0,43.0
1630661232.2086194,46.0,23.0
1630661232.2617433,35.0,29.0
1630661232.4541821,1.0,46.0
1630661232.5322208,33.0,47.0
1630661232.8188102,44.0,31.0
1630661233.015599,30.0,19.0
1630661233.2488902,33.0,6.0
1630661233.4497097,27.0,27.0
1630661233.498825,27.0,48.0
1630661233.7199798,37.0,55.0
1630661233.8061955,29.0,35.0
1630661233.9699392,6.0,50.0
1630661234.1707206,47.0,46.0
1630661234.3876977,28.0,13.0
1630661234.6211069,30.0,11.0
1630661234.825974,24.0,21.0
1630661234.936634,15.0,58.0
1630661234.9858072,29.0,22.0
1630661234.9938533,31.0,49.0
1630661235.0430965,7.0,31.0
1630661235.3380387,34.0,51.0
1630661235.485391,33.0,2.0
1630661235.5468557,22.0,13.0
1630661235.7558422,31.0,6.0
1630661235.7845232,45.0,57.0
1630661236.0752842,24.0,47.0
1630661236.3661973,17.0,36.0
1630661236.5339508,11.0,17.0
1630661236.6897316,2.0,38.0
1630661236.8576794,23.0,28.0
1630661236.9805946,1.0,28.0
1630661237.0747757,18.0,43.0
1630661237.3165593,48.0,7.0
1630661237.3982913,43.0,20.0
1630661237.4393516,8.0,16.0
1630661237.656471,33.0,16.0
1630661237.7301433,42.0,15.0
1630661237.910393,31.0,25.0
1630661237.9185252,41.0,40.0
1630661238.0168664,22.0,13.0
1630661238.1520898,29.0,2.0
1630661238.2338934,32.0,34.0
1630661238.5002563,38.0,17.0
1630661238.746017,4.0,20.0
1630661238.9590166,18.0,10.0
1630661239.1679106,34.0,3.0
1630661239.319482,40.0,43.0
1630661239.3850915,48.0,39.0
1630661239.4833622,17.0,17.0
1630661239.5816693,29.0,35.0
1630661239.7454832,34.0,54.0
1630661239.888885,4.0,50.0
1630661239.8969126,14.0,36.0
1630661240.0036082,31.0,30.0
1630661240.0363407,47.0,4.0
1630661240.306508,39.0,8.0
1630661240.5975277,42.0,43.0
1630661240.6136498,10.0,57.0
1630661240.8228176,24.0,24.0
1630661240.9578757,27.0,57.0
1630661241.0686154,37.0,24.0
1630661241.1871347,1.0,30.0
1630661241.4452772,14.0,35.0
1630661241.465737,21.0,55.0
1630661241.760727,4.0,18.0
1630661241.8305051,12.0,6.0
1630661242.0843246,41.0,27.0
1630661242.3586519,38.0,23.0
1630661242.5186834,22.0,31.0
1630661242.6905704,32.0,53.0
1630661242.7970345,24.0,49.0
1630661243.0348346,10.0,1.0
1630661243.32952,17.0,18.0
1630661243.3665054,24.0,19.0
1630661243.6491554,34.0,5.0
1630661243.9521236,25.0,26.0
1630661244.2348073,2.0,41.0
1630661244.513446,15.0,39.0
1630661244.5459046,18.0,18.0
1630661244.8040445,17.0,6.0
1630661244.927121,45.0,54.0
1630661245.045682,19.0,14.0
1630661245.0745091,20.0,54.0
1630661245.1277862,18.0,41.0
1630661245.3079705,30.0,19.0
1630661245.369465,15.0,34.0
1630661245.5620222,29.0,22.0
1630661245.5823598,27.0,40.0
1630661245.7258768,5.0,42.0
1630661245.8036017,15.0,36.0
1630661245.9961958,48.0,53.0
1630661246.074023,26.0,22.0
1630661246.31972,33.0,9.0
1630661246.4630792,8.0,1.0
1630661246.6556573,8.0,25.0
1630661246.815288,19.0,46.0
1630661246.839916,30.0,12.0
1630661247.0366066,11.0,16.0
1630661247.122552,27.0,12.0
1630661247.2946732,6.0,24.0
1630661247.384717,38.0,54.0
1630661247.5198264,7.0,31.0
1630661247.6306107,33.0,16.0
1630661247.8022878,10.0,31.0
1630661247.8517697,21.0,11.0
1630661247.88442,10.0,3.0
1630661248.056391,38.0,7.0
1630661248.1015437,0.0,59.0
1630661248.2203362,1.0,59.0
1630661248.2244046,31.0,48.0
1630661248.4170322,10.0,4.0
1630661248.6216848,4.0,27.0
1630661248.7691398,35.0,43.0
1630661248.9494061,23.0,1.0
1630661248.9945197,38.0,51.0
1630661249.1297405,44.0,11.0
1630661249.1377459,12.0,37.0
1630661249.3099198,3.0,5.0
1630661249.584316,19.0,39.0
1630661249.7442052,26.0,56.0
1630661249.8916671,8.0,18.0
1630661249.9037294,40.0,7.0
1630661250.1701787,39.0,39.0
1630661250.3666704,25.0,16.0
1630661250.4691136,40.0,42.0
1630661250.5838168,37.0,48.0
1630661250.8131323,21.0,4.0
1630661250.907441,33.0,28.0
1630661251.1162667,6.0,1.0
1630661251.177727,5.0,48.0
1630661251.2882366,43.0,4.0
1630661251.5177352,5.0,26.0
1630661251.7103064,3.0,40.0
1630661251.8372078,15.0,31.0
1630661252.0503273,46.0,12.0
1630661252.0871108,44.0,29.0
1630661252.2795665,25.0,3.0
1630661252.549924,9.0,15.0
1630661252.7424037,43.0,55.0
1630661252.9185388,45.0,12.0
1630661252.9678018,6.0,26.0
1630661253.213642,16.0,18.0
1630661253.3405163,17.0,58.0
1630661253.6065323,10.0,21.0
1630661253.7174277,31.0,21.0
1630661253.8074725,33.0,55.0
1630661254.106511,45.0,17.0
1630661254.172047,6.0,55.0
1630661254.364532,19.0,32.0
1630661254.6061993,16.0,31.0
1630661254.7947106,32.0,36.0
1630661255.0118408,8.0,33.0
1630661255.2289352,17.0,25.0
1630661255.2984886,34.0,47.0
1630661255.5319002,10.0,14.0
1630661255.6956751,23.0,6.0
1630661255.974375,41.0,13.0
1630661256.2610958,49.0,43.0
1630661256.5518641,2.0,4.0
1630661256.81406,47.0,48.0
1630661257.0638742,40.0,4.0
1630661257.1704996,48.0,44.0
1630661257.1825957,44.0,13.0
1630661257.3752623,2.0,33.0
1630661257.4775703,10.0,4.0
1630661257.5512104,7.0,58.0
1630661257.6045854,40.0,47.0
1630661257.6249876,19.0,15.0
1630661257.8995566,35.0,42.0
1630661258.1043637,39.0,25.0
1630661258.378831,45.0,21.0
1630661258.4648235,6.0,23.0
1630661258.7558193,4.0,9.0
1630661259.0055075,34.0,49.0
1630661259.1734214,37.0,47.0
1630661259.2799883,12.0,17.0
1630661259.3905044,2.0,57.0
1630661259.6442175,4.0,3.0
1630661259.8861837,11.0,5.0
1630661260.090865,5.0,27.0
1630661260.135902,19.0,48.0
1630661260.381732,20.0,38.0
1630661260.553895,28.0,41.0
1630661260.6562655,45.0,19.0
1630661260.787304,7.0,40.0
1630661260.9880073,7.0,24.0
1630661261.1435063,36.0,24.0
1630661261.3812573,46.0,41.0
1630661261.4138508,33.0,34.0
1630661261.577785,35.0,30.0
1630661261.6925044,29.0,50.0
1630661261.7332735,16.0,19.0
1630661261.942463,7.0,29.0
1630661262.2005322,23.0,32.0
1630661262.286516,12.0,55.0
1630661262.4706388,25.0,52.0
1630661262.64265,14.0,25.0
1630661262.7043338,42.0,28.0
1630661262.8231416,12.0,18.0
1630661263.0565941,45.0,3.0
1630661263.175294,23.0,5.0
1630661263.2941408,40.0,18.0
1630661263.3432755,8.0,2.0
1630661263.4457648,4.0,4.0
1630661263.5642428,18.0,4.0
1630661263.7856941,45.0,43.0
1630661263.8799534,36.0,58.0
1630661263.986485,27.0,57.0
1630661264.273026,13.0,56.0
1630661264.3630323,13.0,19.0
1630661264.5352826,42.0,24.0
1630661264.6128957,37.0,26.0
1630661264.8997874,17.0,34.0
1630661264.903833,25.0,26.0
1630661264.9121256,19.0,14.0
1630661265.0839107,21.0,6.0
1630661265.1700974,41.0,9.0
1630661265.3791873,45.0,53.0
1630661265.4855967,28.0,8.0
1630661265.7641623,45.0,38.0
1630661265.7885606,24.0,50.0
1630661266.0507379,36.0,31.0
1630661266.2924526,2.0,27.0
1630661266.435768,18.0,33.0
1630661266.607927,31.0,43.0
1630661266.861733,48.0,52.0
1630661267.0462408,33.0,54.0
1630661267.2346895,39.0,7.0
1630661267.4968257,36.0,31.0
1630661267.7383626,8.0,14.0
1630661267.931024,23.0,1.0
1630661268.1726494,24.0,32.0
1630661268.1806989,30.0,11.0
1630661268.2052772,41.0,25.0
1630661268.4470613,11.0,43.0
1630661268.6025343,23.0,29.0
1630661268.8280127,13.0,29.0
1630661268.9057586,10.0,5.0
1630661268.9835413,47.0,50.0
1630661269.2212536,9.0,55.0
1630661269.315454,30.0,27.0
1630661269.5653856,28.0,55.0
1630661269.671825,1.0,16.0
1630661269.8521018,41.0,43.0
1630661269.9665985,6.0,20.0
1630661270.0896351,37.0,47.0
1630661270.1098158,16.0,48.0
1630661270.2493796,31.0,45.0
1630661270.4009624,6.0,31.0
1630661270.5236928,9.0,44.0
1630661270.630212,8.0,26.0
1630661270.8965847,6.0,26.0
1630661271.0194588,9.0,49.0
1630661271.2445226,29.0,44.0
1630661271.3675122,38.0,20.0
1630661271.6420085,47.0,3.0
1630661271.670562,13.0,11.0
1630661271.8754132,9.0,12.0
1630661271.9082963,48.0,57.0
1630661271.9165235,37.0,26.0
1630661272.1866858,36.0,46.0
1630661272.4448688,28.0,19.0
1630661272.6658373,16.0,37.0
1630661272.8627307,43.0,12.0
1630661272.9240525,25.0,0.0
1630661272.9566524,49.0,33.0
1630661273.1944077,26.0,54.0
1630661273.4730144,28.0,49.0
1630661273.6246278,20.0,35.0
1630661273.8702884,43.0,19.0
1630661273.9850028,34.0,21.0
1630661274.2021394,2.0,58.0
1630661274.2472587,48.0,30.0
1630661274.3945963,9.0,59.0
1630661274.6689122,28.0,17.0
1630661274.8861268,39.0,7.0
1630661274.9558432,7.0,36.0
1630661275.013157,20.0,32.0
1630661275.0868194,12.0,51.0
1630661275.2711995,43.0,30.0
1630661275.3859193,5.0,40.0
1630661275.5331419,13.0,44.0
1630661275.5414307,7.0,17.0
1630661275.545544,17.0,15.0
1630661275.7095244,49.0,59.0
1630661275.8856583,42.0,27.0
1630661275.9757369,41.0,9.0
1630661276.028879,19.0,41.0
1630661276.1968791,5.0,37.0
1630661276.4591436,3.0,2.0
1630661276.5615306,30.0,29.0
1630661276.6475642,6.0,27.0
1630661276.7907836,1.0,12.0
1630661276.8810878,3.0,35.0
1630661276.9261067,4.0,20.0
1630661277.110342,29.0,52.0
1630661277.2455974,0.0,5.0
1630661277.2904415,38.0,36.0
1630661277.5239456,27.0,22.0
1630661277.6469612,48.0,18.0
1630661277.7616866,40.0,9.0
1630661277.9458914,33.0,1.0
1630661278.1344545,29.0,54.0
1630661278.3065035,7.0,25.0
1630661278.5766535,11.0,9.0
1630661278.7569752,42.0,34.0
1630661278.7691648,10.0,4.0
1630661279.0683417,37.0,32.0
1630661279.0804534,26.0,26.0
1630661279.1952739,48.0,13.0
1630661279.3099034,38.0,6.0
1630661279.322147,18.0,27.0
1630661279.4574041,40.0,45.0
1630661279.6991124,36.0,44.0
1630661279.8426082,8.0,1.0
1630661280.018698,27.0,37.0
1630661280.2439234,9.0,5.0
1630661280.3832107,19.0,55.0
1630661280.6575027,14.0,51.0
1630661280.8419404,9.0,55.0
1630661280.9607537,5.0,59.0
1630661281.2311294,49.0,6.0
1630661281.2802575,49.0,31.0
1630661281.4644847,13.0,24.0
1630661281.632548,0.0,46.0
1630661281.7472582,11.0,51.0
1630661282.0380163,49.0,28.0
1630661282.1322525,9.0,39.0
1630661282.3206825,1.0,10.0
1630661282.554188,21.0,2.0
1630661282.5622878,35.0,41.0
1630661282.6156194,22.0,7.0
1630661282.7097814,16.0,49.0
1630661282.910454,18.0,43.0
1630661283.1275275,5.0,28.0
1630661283.2095063,47.0,2.0
1630661283.2914672,14.0,20.0
1630661283.4101522,47.0,14.0
1630661283.6518137,25.0,17.0
1630661283.8361843,8.0,41.0
1630661283.8402815,42.0,0.0
1630661284.094223,47.0,36.0
1630661284.139407,16.0,19.0
1630661284.184218,24.0,9.0
1630661284.4219143,39.0,3.0
1630661284.6472492,25.0,1.0
1630661284.6839244,23.0,15.0
1630661284.741437,22.0,25.0
1630661284.9503386,18.0,48.0
1630661284.999551,38.0,45.0
1630661285.245298,49.0,46.0
1630661285.310852,24.0,39.0
1630661285.564749,33.0,35.0
1630661285.6956148,36.0,29.0
1630661285.7122116,17.0,39.0
1630661285.9946773,3.0,14.0
1630661286.0645604,15.0,6.0
1630661286.1176775,35.0,38.0
1630661286.396343,3.0,36.0
1630661286.6501915,46.0,12.0
1630661286.8222647,44.0,12.0
1630661287.1090338,16.0,24.0
1630661287.2974384,43.0,32.0
1630661287.321915,26.0,41.0
1630661287.539101,35.0,42.0
1630661287.6496801,13.0,18.0
1630661287.678358,33.0,15.0
1630661287.7274506,8.0,48.0
1630661287.784837,16.0,53.0
1630661287.8217325,16.0,29.0
1630661287.9364638,42.0,1.0
1630661288.0797324,47.0,1.0
1630661288.145417,7.0,7.0
1630661288.2599711,23.0,31.0
1630661288.5589433,22.0,13.0
1630661288.6655924,8.0,28.0
1630661288.8785543,37.0,35.0
1630661289.1366243,5.0,8.0
1630661289.3168702,24.0,34.0
1630661289.435454,7.0,38.0
1630661289.464205,41.0,13.0
1630661289.6281292,44.0,12.0
1630661289.8288069,47.0,43.0
1630661289.9272301,30.0,25.0
1630661290.0746493,14.0,46.0
1630661290.3368464,42.0,6.0
1630661290.4063962,34.0,39.0
1630661290.7011752,39.0,7.0
1630661290.9266558,27.0,36.0
1630661290.9428756,16.0,16.0
1630661291.065778,46.0,48.0
1630661291.2871075,9.0,50.0
1630661291.3729534,28.0,18.0
1630661291.610681,22.0,13.0
1630661291.733589,27.0,5.0
1630661291.8481195,30.0,29.0
1630661291.962818,5.0,20.0
1630661292.1225555,48.0,54.0
1630661292.192382,30.0,8.0
1630661292.2004085,15.0,7.0
1630661292.4790068,14.0,44.0
1630661292.6593318,32.0,8.0
1630661292.773882,34.0,56.0
1630661292.9173398,39.0,59.0
1630661292.9622788,11.0,31.0
1630661292.9787304,7.0,51.0
1630661293.1344872,32.0,55.0
1630661293.1998546,6.0,9.0
1630661293.25734,28.0,51.0
1630661293.2981613,18.0,3.0
1630661293.3556,29.0,55.0
1630661293.6505108,14.0,52.0
1630661293.941424,10.0,9.0
1630661293.9618552,28.0,48.0
1630661294.2483678,9.0,31.0
1630661294.4574592,45.0,42.0
1630661294.5270312,34.0,16.0
1630661294.604992,10.0,0.0
1630661294.7236495,46.0,47.0
1630661294.977722,30.0,38.0
1630661295.0472918,26.0,59.0
1630661295.2029524,29.0,26.0
1630661295.3135927,8.0,44.0
1630661295.5222895,33.0,25.0
1630661295.5716588,36.0,41.0
1630661295.739528,11.0,0.0
1630661295.8583987,20.0,59.0
1630661295.8665066,45.0,3.0
1630661295.895218,27.0,17.0
1630661296.1858962,2.0,6.0
1630661296.4604492,46.0,29.0
1630661296.6775327,40.0,56.0
1630661296.8291633,23.0,44.0
1630661297.0626552,6.0,10.0
1630661297.2592812,4.0,7.0
1630661297.320653,46.0,9.0
1630661297.53775,19.0,19.0
1630661297.6770368,13.0,47.0
1630661297.8614333,32.0,2.0
1630661298.107073,5.0,38.0
1630661298.246468,6.0,56.0
1630661298.483915,48.0,49.0
1630661298.50011,5.0,17.0
1630661298.6970155,1.0,34.0
1630661298.9796715,26.0,25.0
1630661299.049297,8.0,14.0
1630661299.2542183,16.0,5.0
1630661299.4466233,10.0,9.0
1630661299.5776873,30.0,40.0
1630661299.6760323,12.0,26.0
1630661299.7660592,37.0,16.0
1630661299.9052844,33.0,49.0
1630661300.175668,9.0,56.0
1630661300.3640416,8.0,19.0
1630661300.5197704,24.0,0.0
1630661300.6754968,38.0,17.0
1630661300.8106122,32.0,39.0
1630661301.0768228,41.0,24.0
1630661301.3593497,22.0,40.0
1630661301.5274036,40.0,24.0
1630661301.7977881,36.0,46.0
1630661301.867453,38.0,12.0
1630661302.158151,47.0,51.0
1630661302.166236,33.0,9.0
1630661302.412055,44.0,50.0
1630661302.5883694,18.0,21.0
1630661302.8587532,24.0,58.0
1630661302.924213,1.0,10.0
1630661303.083888,14.0,13.0
1630661303.3420215,44.0,0.0
1630661303.4361563,20.0,21.0
1630661303.5957808,32.0,41.0
1630661303.702552,0.0,5.0
1630661303.800773,12.0,41.0
1630661303.890753,30.0,19.0
1630661304.1160715,30.0,25.0
1630661304.1938941,13.0,45.0
1630661304.394717,4.0,27.0
1630661304.6855414,27.0,11.0
1630661304.9640105,6.0,48.0
1630661305.045928,25.0,53.0
1630661305.095057,25.0,41.0
1630661305.2712102,3.0,8.0
1630661305.303914,3.0,35.0
1630661305.525151,21.0,59.0
1630661305.5414746,46.0,17.0
1630661305.5455713,11.0,20.0
1630661305.7996936,18.0,49.0
1630661306.0700648,28.0,14.0
1630661306.1560035,3.0,42.0
1630661306.4058506,15.0,24.0
1630661306.5080903,10.0,38.0
1630661306.643521,14.0,47.0
1630661306.7746267,45.0,3.0
1630661306.7786078,2.0,9.0
1630661307.065304,13.0,31.0
1630661307.1718225,29.0,6.0
1630661307.3234508,44.0,18.0
1630661307.5610194,4.0,58.0
1630661307.8150432,23.0,0.0
1630661307.9296696,5.0,53.0
1630661308.0278847,33.0,44.0
1630661308.1303813,30.0,1.0
1630661308.3638036,2.0,49.0
1630661308.564466,19.0,57.0
1630661308.801912,49.0,19.0
1630661308.8430772,19.0,32.0
1630661309.0520756,6.0,8.0
1630661309.2076414,14.0,33.0
1630661309.3879497,46.0,6.0
1630661309.5188737,44.0,4.0
1630661309.5310779,17.0,19.0
1630661309.699235,35.0,34.0
1630661309.7072923,41.0,20.0
1630661309.7154622,38.0,0.0
1630661309.8098454,7.0,31.0
1630661309.9408922,13.0,31.0
1630661310.2030327,11.0,59.0
1630661310.2110324,21.0,48.0
1630661310.4324555,9.0,4.0
1630661310.465217,32.0,37.0
1630661310.5223308,20.0,12.0
1630661310.731406,31.0,59.0
1630661310.8991287,6.0,53.0
1630661311.0878332,14.0,51.0
1630661311.382643,28.0,25.0
1630661311.587345,35.0,57.0
1630661311.6489472,43.0,34.0
1630661311.8578186,38.0,15.0
1630661311.9766967,25.0,4.0
1630661312.136451,42.0,49.0
1630661312.2592967,13.0,4.0
1630661312.337089,12.0,53.0
1630661312.4108,47.0,33.0
1630661312.5706193,8.0,50.0
1630661312.8081355,13.0,40.0
1630661312.8654587,20.0,55.0
1630661313.115433,26.0,3.0
1630661313.1891193,23.0,34.0
1630661313.1972377,24.0,46.0
1630661313.4633274,4.0,35.0
1630661313.7052016,3.0,6.0
1630661313.8936763,17.0,46.0
1630661314.1844976,20.0,40.0
1630661314.4547513,30.0,49.0
1630661314.7497017,37.0,58.0
1630661314.9954782,22.0,42.0
1630661315.2331164,14.0,48.0
1630661315.466498,22.0,7.0
1630661315.527992,16.0,59.0
1630661315.7080972,42.0,20.0
1630661315.818812,26.0,45.0
1630661315.9417362,22.0,5.0
1630661316.0276704,43.0,12.0
1630661316.2897103,17.0,40.0
1630661316.314371,9.0,50.0
1630661316.5110953,14.0,28.0
1630661316.568307,34.0,45.0
1630661316.8264072,23.0,18.0
1630661316.8715484,12.0,46.0
1630661316.9902976,23.0,3.0
1630661317.0474544,9.0,51.0
1630661317.2483344,13.0,59.0
1630661317.3629808,40.0,4.0
1630661317.5514228,37.0,5.0
1630661317.64554,6.0,50.0
1630661317.6905906,17.0,19.0
1630661317.7274528,19.0,44.0
1630661317.8422782,29.0,16.0
1630661317.883337,40.0,21.0
1630661317.9365435,13.0,7.0
1630661318.2066524,5.0,55.0
1630661318.4811356,30.0,27.0
1630661318.6080306,0.0,49.0
1630661318.6492176,20.0,54.0
1630661318.8867157,28.0,20.0
1630661319.1325724,11.0,51.0
1630661319.3250391,45.0,10.0
1630661319.521751,32.0,42.0
1630661319.5297976,19.0,7.0
1630661319.566636,28.0,6.0
1630661319.8042545,46.0,11.0
1630661319.9517543,37.0,0.0
1630661320.0911248,2.0,36.0
1630661320.3245435,33.0,18.0
1630661320.5170276,48.0,25.0
1630661320.6440628,27.0,48.0
1630661320.8447542,11.0,13.0
1630661320.852817,37.0,45.0
1630661320.9224634,34.0,48.0
1630661321.0946727,0.0,7.0
1630661321.2093465,32.0,39.0
1630661321.2336636,22.0,35.0
1630661321.4919116,19.0,47.0
1630661321.774606,11.0,50.0
1630661321.9302497,1.0,46.0
1630661322.2006013,36.0,13.0
1630661322.28258,47.0,13.0
1630661322.454591,39.0,50.0
1630661322.470728,45.0,54.0
1630661322.59372,18.0,12.0
1630661322.6141458,44.0,29.0
1630661322.6183178,26.0,5.0
1630661322.843671,29.0,44.0
1630661322.941917,49.0,47.0
1630661323.019793,23.0,30.0
1630661323.0319204,48.0,56.0
1630661323.3106382,37.0,5.0
1630661323.4130487,32.0,47.0
1630661323.6587386,23.0,2.0
1630661323.9128058,34.0,31.0
1630661324.11344,47.0,58.0
1630661324.207641,34.0,6.0
1630661324.2239606,11.0,38.0
1630661324.4248135,20.0,28.0
1630661324.4737947,13.0,43.0
1630661324.7073092,17.0,43.0
1630661324.7154987,12.0,52.0
1630661324.8876395,10.0,48.0
1630661325.162024,19.0,35.0
1630661325.2316158,40.0,42.0
1630661325.3668003,23.0,49.0
1630661325.5634992,29.0,34.0
1630661325.5716105,14.0,47.0
1630661325.7601736,31.0,8.0
1630661325.8337228,18.0,40.0
1630661326.055018,39.0,27.0
1630661326.235296,15.0,14.0
1630661326.2515583,6.0,14.0
1630661326.4564226,12.0,18.0
1630661326.5138664,4.0,27.0
1630661326.6733828,16.0,53.0
1630661326.9356685,16.0,43.0
1630661326.9438746,31.0,41.0
1630661327.0339015,41.0,58.0
1630661327.1896029,35.0,18.0
1630661327.2634115,31.0,13.0
1630661327.5337472,22.0,8.0
1630661327.7056086,14.0,0.0
1630661327.795946,36.0,1.0
1630661327.853203,40.0,15.0
1630661327.906374,3.0,12.0
1630661327.9720995,29.0,24.0
1630661328.1932375,12.0,39.0
1630661328.4266343,3.0,10.0
1630661328.6356153,27.0,29.0
1630661328.7298172,16.0,40.0
1630661328.9182665,22.0,9.0
1630661329.0779161,46.0,10.0
1630661329.10655,9.0,51.0
1630661329.3319373,35.0,47.0
1630661329.3400233,45.0,29.0
1630661329.4834404,3.0,5.0
1630661329.4917226,22.0,22.0
1630661329.7293231,41.0,35.0
1630661329.8110774,48.0,22.0
1630661329.9955628,34.0,49.0
1630661330.2617948,13.0,37.0
1630661330.4502306,36.0,40.0
1630661330.6221848,35.0,39.0
1630661330.712375,49.0,18.0
1630661330.9129934,1.0,26.0
1630661331.1752944,2.0,56.0
1630661331.294001,24.0,44.0
1630661331.3020997,2.0,9.0
1630661331.3757088,15.0,19.0
1630661331.6586313,34.0,5.0
1630661331.9575539,34.0,14.0
1630661331.9820316,2.0,5.0
1630661331.9902096,13.0,11.0
1630661332.051802,27.0,14.0
1630661332.2483172,31.0,11.0
1630661332.2934084,48.0,57.0
1630661332.3917446,39.0,38.0
1630661332.6785426,45.0,55.0
1630661332.8504913,49.0,0.0
1630661333.1413276,2.0,1.0
1630661333.2640567,16.0,26.0
1630661333.2846334,21.0,48.0
1630661333.4608054,45.0,12.0
1630661333.522307,0.0,27.0
1630661333.6451247,8.0,49.0
1630661333.7352314,19.0,46.0
1630661333.7394338,29.0,30.0
1630661334.0177026,23.0,10.0
1630661334.271911,18.0,52.0
1630661334.34566,5.0,50.0
1630661334.4521425,47.0,32.0
1630661334.5133507,13.0,36.0
1630661334.8085008,45.0,59.0
1630661334.853501,33.0,18.0
1630661334.9107883,21.0,16.0
1630661335.03773,34.0,26.0
1630661335.3164387,20.0,0.0
1630661335.553805,41.0,49.0
1630661335.7465477,20.0,5.0
1630661336.0166764,44.0,33.0
1630661336.2870429,30.0,11.0
1630661336.3896306,10.0,1.0
1630661336.6271236,5.0,23.0
1630661336.782752,19.0,33.0
1630661337.0531228,14.0,58.0
1630661337.2497053,5.0,47.0
1630661337.5324292,11.0,31.0
1630661337.5731764,12.0,34.0
1630661337.688077,6.0,49.0
1630661337.876406,45.0,6.0
1630661337.9174042,20.0,5.0
1630661337.9993303,28.0,44.0
1630661338.0687966,1.0,29.0
1630661338.2369893,8.0,53.0
1630661338.515297,12.0,49.0
1630661338.7326148,8.0,42.0
1630661338.8759153,43.0,42.0
1630661339.0806699,39.0,15.0
1630661339.3633192,49.0,40.0
1630661339.5476093,38.0,42.0
1630661339.6294792,43.0,15.0
1630661339.7729392,3.0,8.0
1630661339.8055656,12.0,54.0
1630661339.9819093,5.0,1.0
1630661340.063766,20.0,46.0
1630661340.137459,19.0,21.0
1630661340.2399788,22.0,59.0
1630661340.4324536,37.0,6.0
1630661340.6003504,43.0,0.0
1630661340.8297296,49.0,16.0
1630661340.9404397,29.0,44.0
1630661340.9772723,46.0,12.0
1630661341.0755053,32.0,6.0
1630661341.3581574,35.0,3.0
1630661341.4729164,21.0,26.0
1630661341.5957983,47.0,35.0
1630661341.6243515,28.0,7.0
1630661341.8947692,44.0,47.0
1630661342.0955167,34.0,22.0
1630661342.242697,16.0,5.0
1630661342.304272,24.0,14.0
1630661342.4272418,36.0,30.0
1630661342.582978,34.0,5.0
1630661342.791735,20.0,38.0
1630661342.8369021,47.0,17.0
1630661342.9964106,22.0,52.0
1630661343.1645358,34.0,33.0
1630661343.2791564,4.0,13.0
1630661343.3283546,3.0,11.0
1630661343.4758725,43.0,39.0
1630661343.5944622,25.0,42.0
1630661343.721669,19.0,18.0
1630661343.946935,4.0,3.0
1630661344.213129,43.0,12.0
1630661344.4507885,48.0,23.0
1630661344.5449414,14.0,1.0
1630661344.68828,26.0,57.0
1630661344.8562605,25.0,4.0
1630661345.0814555,23.0,21.0
1630661345.208523,24.0,13.0
1630661345.2370617,29.0,45.0
1630661345.2781749,35.0,4.0
1630661345.4625406,11.0,44.0
1630661345.5892477,40.0,30.0
1630661345.6754289,39.0,21.0
1630661345.8025384,42.0,58.0
1630661345.9293993,13.0,37.0
1630661345.9375608,22.0,45.0
1630661346.068704,44.0,6.0
1630661346.32679,2.0,24.0
1630661346.470206,23.0,44.0
1630661346.6420817,49.0,22.0
1630661346.6667385,23.0,57.0
1630661346.814104,23.0,54.0
1630661347.0067418,25.0,21.0
1630661347.0148365,42.0,49.0
1630661347.1461666,21.0,19.0
1630661347.1827157,47.0,52.0
1630661347.1949248,1.0,3.0
1630661347.350726,47.0,52.0
1630661347.596484,47.0,50.0
1630661347.7888207,1.0,21.0
1630661348.0513172,23.0,26.0
1630661348.1127095,3.0,13.0
1630661348.1535623,42.0,9.0
1630661348.1656985,44.0,41.0
1630661348.35029,47.0,35.0
1630661348.5672712,47.0,32.0
1630661348.6368506,34.0,1.0
1630661348.9114158,10.0,34.0
1630661348.948248,36.0,19.0
1630661348.993457,42.0,26.0
1630661349.0670965,48.0,10.0
1630661349.1161761,0.0,44.0
1630661349.329273,19.0,5.0
1630661349.529993,9.0,17.0
1630661349.5995598,44.0,16.0
1630661349.6363378,1.0,19.0
1630661349.874011,17.0,39.0
1630661349.9436765,39.0,10.0
1630661350.1934824,16.0,24.0
1630661350.2550302,21.0,29.0
1630661350.3777876,28.0,53.0
1630661350.5294404,1.0,42.0
1630661350.660545,0.0,57.0
1630661350.9143667,2.0,31.0
1630661351.1028197,33.0,27.0
1630661351.1395352,9.0,57.0
1630661351.356804,42.0,31.0
1630661351.4428003,33.0,2.0
1630661351.4550402,24.0,40.0
1630661351.4797633,12.0,25.0
1630661351.7706094,32.0,24.0
1630661351.9303014,18.0,12.0
1630661352.0655036,15.0,37.0
1630661352.286683,42.0,46.0
1630661352.3439262,9.0,47.0
1630661352.4627655,49.0,56.0
1630661352.712669,11.0,0.0
1630661352.7536132,48.0,23.0
1630661352.9626024,2.0,8.0
1630661353.15495,12.0,38.0
1630661353.21216,5.0,42.0
1630661353.4007804,25.0,50.0
1630661353.580844,16.0,29.0
1630661353.6547287,32.0,38.0
1630661353.9005337,47.0,49.0
1630661354.0767038,42.0,50.0
1630661354.2077873,42.0,21.0
1630661354.2198784,24.0,5.0
1630661354.4248044,40.0,54.0
1630661354.6009495,26.0,14.0
1630661354.8302891,25.0,23.0
1630661354.9000204,0.0,57.0
1630661355.0924315,35.0,39.0
1630661355.2030919,38.0,53.0
1630661355.2275312,25.0,27.0
1630661355.4774861,29.0,59.0
1630661355.6701062,11.0,44.0
1630661355.8585737,41.0,5.0
1630661356.051018,5.0,31.0
1630661356.2393188,18.0,16.0
1630661356.4647536,49.0,4.0
1630661356.6899438,49.0,0.0
1630661356.861966,33.0,33.0
1630661357.0218146,39.0,22.0
1630661357.3125224,2.0,2.0
1630661357.5133414,2.0,13.0
1630661357.7959547,40.0,44.0
1630661357.882008,26.0,48.0
1630661358.0867183,47.0,5.0
1630661358.2383254,25.0,55.0
1630661358.525077,34.0,37.0
1630661358.75453,28.0,6.0
1630661358.7748334,6.0,34.0
1630661358.8814201,35.0,35.0
1630661358.9101243,9.0,23.0
1630661359.209161,10.0,49.0
1630661359.3196833,5.0,33.0
1630661359.356585,14.0,41.0
1630661359.5573378,37.0,16.0
1630661359.741651,39.0,43.0
1630661359.929941,21.0,40.0
1630661360.142975,32.0,45.0
1630661360.2863913,24.0,2.0
1630661360.4952326,18.0,0.0
1630661360.7409656,32.0,8.0
1630661360.8762808,40.0,55.0
1630661361.0605204,32.0,0.0
1630661361.0849466,32.0,30.0
1630661361.2776015,28.0,36.0
1630661361.5726278,44.0,11.0
1630661361.7610333,49.0,43.0
1630661362.039577,14.0,31.0
1630661362.1665914,18.0,53.0
1630661362.2237968,13.0,17.0
1630661362.334549,46.0,45.0
1630661362.4121892,27.0,13.0
1630661362.4203255,10.0,34.0
1630661362.469676,46.0,56.0
1630661362.662135,12.0,56.0
1630661362.7275472,44.0,42.0
1630661362.7481203,28.0,6.0
1630661362.842291,17.0,59.0
1630661362.9363954,42.0,9.0
1630661363.1987221,26.0,24.0
1630661363.4404268,46.0,53.0
1630661363.6288502,5.0,19.0
1630661363.8213475,43.0,53.0
1630661364.099958,33.0,29.0
1630661364.2596734,14.0,15.0
1630661364.521751,24.0,56.0
1630661364.7264805,12.0,9.0
1630661364.7553022,42.0,4.0
1630661365.0379224,11.0,55.0
1630661365.1157813,17.0,2.0
1630661365.1403418,8.0,12.0
1630661365.173067,34.0,47.0
1630661365.2999578,14.0,50.0
1630661365.5580528,37.0,16.0
1630661365.7998009,3.0,7.0
1630661366.0538456,30.0,22.0
1630661366.2585356,29.0,22.0
1630661366.2995052,20.0,57.0
1630661366.541172,35.0,59.0
1630661366.7665637,11.0,9.0
1630661367.0122993,26.0,15.0
1630661367.0573726,19.0,52.0
1630661367.1144993,33.0,59.0
1630661367.3398933,46.0,7.0
1630661367.6143932,18.0,34.0
1630661367.6758373,47.0,6.0
1630661367.8150048,21.0,44.0
1630661368.028063,34.0,56.0
1630661368.22463,14.0,33.0
1630661368.2778313,27.0,41.0
1630661368.5318863,32.0,45.0
1630661368.576795,6.0,47.0
1630661368.6711621,39.0,25.0
1630661368.6791837,27.0,3.0
1630661368.843167,42.0,5.0
1630661368.912807,27.0,54.0
1630661369.0070262,11.0,52.0
1630661369.2446492,8.0,26.0
1630661369.252654,44.0,27.0
1630661369.4206793,37.0,12.0
1630661369.4904718,18.0,14.0
1630661369.5722508,22.0,31.0
1630661369.73612,9.0,29.0
1630661369.7770648,24.0,56.0
1630661369.8221595,39.0,43.0
1630661369.9614978,42.0,59.0
1630661370.239868,48.0,32.0
1630661370.3752267,16.0,22.0
1630661370.5429287,4.0,38.0
1630661370.7971296,38.0,7.0
1630661371.0508993,27.0,32.0
1630661371.2843523,16.0,48.0
1630661371.395005,46.0,18.0
1630661371.4524622,22.0,53.0
1630661371.5303063,15.0,14.0
1630661371.595843,8.0,7.0
1630661371.6695535,4.0,15.0
1630661371.6776736,33.0,15.0
1630661371.685792,45.0,49.0
1630661371.71864,40.0,19.0
1630661371.784256,2.0,37.0
1630661372.0751247,21.0,34.0
1630661372.1323094,6.0,15.0
1630661372.3821476,12.0,8.0
1630661372.4190664,29.0,12.0
1630661372.5173972,22.0,17.0
1630661372.6692204,30.0,43.0
1630661372.677034,17.0,1.0
1630661372.7507246,26.0,42.0
1630661372.9516764,0.0,24.0
1630661373.144063,27.0,19.0
1630661373.201452,38.0,45.0
1630661373.2219682,34.0,30.0
1630661373.2546248,23.0,51.0
1630661373.4103749,19.0,49.0
1630661373.6233144,45.0,53.0
1630661373.8650575,29.0,47.0
1630661373.9673975,44.0,32.0
1630661374.2091448,29.0,53.0
1630661374.4671392,16.0,41.0
1630661374.487601,24.0,36.0
1630661374.7539802,48.0,3.0
1630661375.0119443,25.0,24.0
1630661375.2822287,21.0,23.0
1630661375.4052565,48.0,14.0
1630661375.5075364,49.0,16.0
1630661375.5855253,3.0,14.0
1630661375.6508918,29.0,32.0
1630661375.8394544,42.0,52.0
1630661376.1342707,8.0,39.0
1630661376.3758411,3.0,47.0
1630661376.6626883,39.0,6.0
1630661376.8142836,26.0,30.0
1630661376.9700139,24.0,37.0
1630661377.0437403,33.0,24.0
1630661377.186958,24.0,49.0
1630661377.3959932,35.0,22.0
1630661377.6375928,6.0,11.0
1630661377.7072916,38.0,8.0
1630661377.7851245,45.0,50.0
1630661377.961168,6.0,35.0
1630661377.9652147,2.0,25.0
1630661377.998047,42.0,39.0
1630661378.2601283,21.0,28.0
1630661378.3421764,39.0,29.0
1630661378.3953133,6.0,57.0
1630661378.6411166,18.0,26.0
1630661378.9196935,18.0,6.0
1630661379.2146695,39.0,16.0
1630661379.423465,14.0,16.0
1630661379.5422482,18.0,49.0
1630661379.7840176,37.0,53.0
1630661380.0708215,36.0,35.0
1630661380.3244472,7.0,42.0
1630661380.3983068,30.0,6.0
1630661380.590793,27.0,57.0
1630661380.7507234,49.0,42.0
1630661380.9718692,45.0,19.0
1630661380.9881043,15.0,44.0
1630661381.0578952,5.0,34.0
1630661381.2217014,11.0,30.0
1630661381.4551752,25.0,4.0
1630661381.512568,28.0,58.0
1630661381.7457798,6.0,59.0
1630661382.0286021,7.0,44.0
1630661382.2540698,16.0,56.0
1630661382.4178128,44.0,41.0
1630661382.6020777,9.0,59.0
1630661382.7822356,13.0,27.0
1630661382.8149643,41.0,3.0
1630661382.954473,38.0,15.0
1630661383.2287943,48.0,24.0
1630661383.5154848,15.0,54.0
1630661383.7121959,33.0,14.0
1630661383.8351138,25.0,14.0
1630661383.876064,4.0,10.0
1630661384.0153594,34.0,40.0
1630661384.2691936,17.0,6.0
1630661384.4617372,18.0,34.0
1630661384.5598881,10.0,57.0
1630661384.8385975,26.0,16.0
1630661384.9574192,26.0,35.0
1630661384.9736342,19.0,3.0
1630661385.039301,0.0,6.0
1630661385.1498272,21.0,59.0
1630661385.2195132,27.0,11.0
1630661385.2768648,42.0,36.0
1630661385.3505974,40.0,2.0
1630661385.4121308,21.0,38.0
1630661385.5922456,46.0,41.0
1630661385.6537497,29.0,39.0
1630661385.7109647,24.0,36.0
1630661385.7354875,38.0,59.0
1630661385.829941,2.0,6.0
1630661386.0142622,49.0,26.0
1630661386.198535,9.0,45.0
1630661386.2926733,15.0,26.0
1630661386.4606657,28.0,4.0
1630661386.673557,26.0,35.0
1630661386.7515383,43.0,30.0
1630661386.8293903,40.0,54.0
1630661386.976617,35.0,23.0
1630661387.2020183,2.0,51.0
1630661387.259474,8.0,19.0
1630661387.4886959,28.0,42.0
1630661387.730359,0.0,56.0
1630661387.8081725,38.0,11.0
1630661388.0910041,13.0,12.0
1630661388.1318345,16.0,48.0
1630661388.2998302,14.0,12.0
1630661388.3448286,18.0,58.0
1630661388.3529432,31.0,37.0
1630661388.4841452,2.0,25.0
1630661388.7012901,13.0,51.0
1630661388.8569396,27.0,5.0
1630661388.9593217,22.0,10.0
1630661388.9672742,41.0,43.0
1630661389.2214732,40.0,36.0
1630661389.2336056,26.0,45.0
1630661389.2869587,46.0,20.0
1630661389.2950597,40.0,52.0
1630661389.4345882,7.0,57.0
1630661389.471301,32.0,2.0
1630661389.4793708,22.0,14.0
1630661389.5162687,44.0,55.0
1630661389.6267984,14.0,14.0
1630661389.7375813,48.0,27.0
1630661389.8357627,25.0,0.0
1630661389.9135494,11.0,29.0
1630661390.0857036,16.0,37.0
1630661390.2044759,42.0,1.0
1630661390.372524,12.0,21.0
1630661390.3806815,24.0,6.0
1630661390.5525777,49.0,26.0
1630661390.757418,32.0,18.0
1630661390.843497,25.0,56.0
1630661391.0810275,0.0,59.0
1630661391.224419,48.0,13.0
1630661391.2489808,10.0,45.0
1630661391.4988537,27.0,32.0
1630661391.63408,43.0,53.0
1630661391.883922,7.0,8.0
1630661392.1133342,25.0,30.0
1630661392.137792,0.0,20.0
1630661392.2895095,9.0,23.0
1630661392.5187018,47.0,18.0
1630661392.7646682,40.0,42.0
1630661392.957042,42.0,0.0
1630661393.0268025,2.0,47.0
1630661393.0882215,9.0,8.0
1630661393.219297,0.0,8.0
1630661393.325747,39.0,52.0
1630661393.3749259,21.0,52.0
1630661393.4486644,34.0,4.0
1630661393.73939,6.0,25.0
1630661393.8744597,18.0,40.0
1630661393.9154282,34.0,51.0
1630661394.071359,17.0,47.0
1630661394.1695218,30.0,17.0
1630661394.4686227,4.0,5.0
1630661394.47663,35.0,56.0
1630661394.6611366,3.0,28.0
1630661394.6855443,48.0,55.0
1630661394.9803953,39.0,43.0
1630661394.9845593,40.0,33.0
1630661395.1238947,36.0,11.0
1630661395.1935194,37.0,25.0
1630661395.2753804,43.0,47.0
1630661395.504854,11.0,10.0
1630661395.545731,7.0,28.0
1630661395.832408,47.0,4.0
1630661395.938904,11.0,0.0
1630661396.0823307,35.0,50.0
1630661396.2954419,33.0,26.0
1630661396.54536,48.0,59.0
1630661396.803331,27.0,12.0
1630661397.0818677,16.0,41.0
1630661397.1802948,33.0,11.0
1630661397.1883857,49.0,53.0
1630661397.237512,10.0,45.0
1630661397.3891838,5.0,15.0
1630661397.409596,4.0,31.0
1630661397.4627688,16.0,37.0
1630661397.7578068,21.0,11.0
1630661397.8395333,26.0,23.0
1630661397.9214249,2.0,44.0
1630661398.0404518,2.0,25.0
1630661398.1385386,20.0,48.0
1630661398.2451663,21.0,57.0
1630661398.5237725,16.0,42.0
1630661398.5523686,7.0,3.0
1630661398.8266962,47.0,11.0
1630661399.0109642,37.0,52.0
1630661399.031697,35.0,38.0
1630661399.1748977,5.0,20.0
1630661399.1995065,19.0,38.0
1630661399.334704,47.0,15.0
1630661399.535453,1.0,53.0
1630661399.6994271,2.0,29.0
1630661399.736128,2.0,14.0
1630661399.9285474,19.0,34.0
1630661400.0310254,40.0,54.0
1630661400.051376,0.0,29.0
1630661400.1663096,39.0,29.0
1630661400.2850962,7.0,37.0
1630661400.4570677,18.0,44.0
1630661400.7560604,16.0,47.0
1630661400.7846,9.0,57.0
1630661400.850342,37.0,39.0
1630661401.100137,10.0,26.0
1630661401.3173888,32.0,4.0
1630661401.5301666,3.0,26.0
1630661401.8250663,5.0,27.0
1630661401.8332222,46.0,47.0
1630661401.988974,14.0,58.0
1630661402.1527672,0.0,27.0
1630661402.4477105,14.0,40.0
1630661402.7387881,15.0,8.0
1630661402.9720502,0.0,15.0
1630661403.0541484,40.0,38.0
1630661403.3285708,6.0,58.0
1630661403.3447213,13.0,30.0
1630661403.517035,39.0,51.0
1630661403.5701401,15.0,16.0
1630661403.6889029,29.0,20.0
1630661403.9471197,2.0,7.0
1630661403.9551518,45.0,21.0
1630661404.004278,8.0,49.0
1630661404.0574915,37.0,53.0
1630661404.262373,14.0,15.0
1630661404.3605747,11.0,5.0
1630661404.6432376,36.0,14.0
1630661404.881028,6.0,17.0
1630661405.1758895,27.0,37.0
1630661405.4012532,48.0,16.0
1630661405.4543426,12.0,6.0
1630661405.5733447,1.0,37.0
1630661405.8474977,7.0,23.0
1630661405.99903,1.0,53.0
1630661406.1260998,15.0,7.0
1630661406.2736368,33.0,25.0
1630661406.5726814,26.0,44.0
1630661406.8512387,22.0,20.0
1630661407.0969093,37.0,46.0
1630661407.2240095,49.0,5.0
1630661407.4614282,45.0,46.0
1630661407.5801506,43.0,2.0
1630661407.7606363,22.0,39.0
1630661408.0102162,16.0,36.0
1630661408.215054,7.0,57.0
1630661408.3011777,33.0,54.0
1630661408.4362698,6.0,42.0
1630661408.6904407,45.0,18.0
1630661408.8867438,22.0,47.0
1630661408.985336,48.0,10.0
1630661409.0999193,3.0,42.0
1630661409.214733,22.0,14.0
1630661409.308884,23.0,13.0
1630661409.3210833,36.0,1.0
1630661409.456246,4.0,39.0
1630661409.571029,8.0,14.0
1630661409.763522,21.0,51.0
1630661409.9315434,48.0,8.0
1630661409.9477344,2.0,54.0
1630661409.9559398,39.0,15.0
1630661410.1486166,20.0,48.0
1630661410.1893353,3.0,48.0
1630661410.2302802,16.0,5.0
1630661410.2754092,4.0,8.0
1630661410.3655457,35.0,30.0
1630661410.4598522,14.0,29.0
1630661410.7015452,48.0,50.0
1630661410.8325958,40.0,6.0
1630661410.8447237,25.0,44.0
1630661410.9061956,18.0,0.0
1630661411.1398692,39.0,38.0
1630661411.2135534,39.0,31.0
1630661411.4388018,41.0,54.0
1630661411.5618188,24.0,45.0
1630661411.6067696,44.0,29.0
1630661411.6682503,38.0,34.0
1630661411.6762893,15.0,22.0
1630661411.799326,47.0,11.0
1630661411.8155205,13.0,58.0
1630661411.9714215,5.0,31.0
1630661412.249931,42.0,25.0
1630661412.4585943,41.0,56.0
1630661412.6882102,47.0,13.0
1630661412.9462316,32.0,42.0
1630661413.122217,48.0,34.0
1630661413.380293,41.0,57.0
1630661413.6711562,8.0,56.0
1630661413.708066,27.0,56.0
1630661413.9210725,19.0,53.0
1630661414.0111835,44.0,6.0
1630661414.129953,32.0,27.0
1630661414.3837924,40.0,42.0
1630661414.4167552,17.0,11.0
1630661414.650015,47.0,28.0
1630661414.8794417,10.0,29.0
1630661414.9124637,11.0,33.0
1630661414.9613655,23.0,27.0
1630661415.027097,11.0,40.0
1630661415.0556085,46.0,49.0
1630661415.2317195,14.0,5.0
1630661415.5020313,33.0,47.0
1630661415.6372285,41.0,32.0
1630661415.694674,7.0,45.0
1630661415.8913531,11.0,35.0
1630661415.989708,31.0,57.0
1630661416.2803047,49.0,33.0
1630661416.5547671,18.0,41.0
1630661416.8498495,13.0,26.0
1630661416.9481068,34.0,40.0
1630661416.9807413,38.0,35.0
1630661416.988908,5.0,41.0
1630661417.1814106,28.0,15.0
1630661417.3413227,14.0,58.0
1630661417.4723132,11.0,36.0
1630661417.4806333,15.0,8.0
1630661417.5338871,45.0,8.0
1630661417.775588,27.0,1.0
1630661417.8657072,38.0,21.0
1630661418.1523862,5.0,4.0
1630661418.2874084,21.0,51.0
1630661418.5087113,12.0,9.0
1630661418.623534,29.0,59.0
1630661418.689021,3.0,45.0
1630661418.9060535,15.0,6.0
1630661418.9756534,37.0,49.0
1630661419.1109076,16.0,3.0
1630661419.2298486,45.0,48.0
1630661419.3158064,2.0,58.0
1630661419.3361473,39.0,5.0
1630661419.504226,33.0,7.0
1630661419.7826686,7.0,2.0
1630661419.9586813,7.0,56.0
1630661420.0284927,48.0,56.0
1630661420.048766,38.0,24.0
1630661420.3191109,35.0,14.0
1630661420.5239563,46.0,9.0
1630661420.6018353,39.0,53.0
1630661420.6346495,14.0,42.0
1630661420.6508737,37.0,25.0
1630661420.8763275,38.0,21.0
1630661420.9582162,3.0,25.0
1630661421.0605981,42.0,46.0
1630661421.0768445,47.0,28.0
1630661421.2736814,23.0,7.0
1630661421.4374528,45.0,0.0
1630661421.544051,21.0,0.0
1630661421.630075,46.0,16.0
1630661421.7570581,20.0,11.0
1630661421.8717499,22.0,59.0
1630661421.9001641,40.0,25.0
1630661422.0232081,42.0,40.0
1630661422.3139563,32.0,48.0
1630661422.3878577,34.0,38.0
1630661422.5435238,12.0,51.0
1630661422.7276587,34.0,21.0
1630661422.7974663,4.0,48.0
1630661422.9694233,30.0,32.0
1630661422.9857183,9.0,42.0
1630661422.9980137,40.0,21.0
1630661423.141449,40.0,27.0
1630661423.2194026,26.0,59.0
1630661423.411674,3.0,19.0
1630661423.6861968,46.0,27.0
1630661423.755991,18.0,27.0
1630661423.964831,21.0,49.0
1630661423.985237,20.0,57.0
1630661424.1327446,4.0,18.0
1630661424.198208,47.0,49.0
1630661424.3786192,37.0,23.0
1630661424.4070969,1.0,6.0
1630661424.526067,15.0,25.0
1630661424.6159928,43.0,6.0
1630661424.7307286,25.0,59.0
1630661425.0255854,14.0,46.0
1630661425.2961047,0.0,28.0
1630661425.586783,22.0,39.0
1630661425.6441572,22.0,48.0
1630661425.7466698,48.0,45.0
1630661425.9103556,23.0,46.0
1630661426.1194518,2.0,30.0
