1631172601.909,1.0
1631172601.911,42.0,50.0
1631172601.912,14.0,18.0
1631172601.913,31.0,55.0
1631172601.914,55.0
1631172601.915,29.0,10.0
1631172601.916,11.0,6.0
1631172601.917,27.0,22.0
1631172601.918,45.0,39.0
1631172601.918,4.0,12.0
1631172601.919,35.0,40.0
1631172601.919,8.0,39.0
1631172601.92,48.0,41.0
1631172601.92,36.0,3.0
1631172601.921,11.0,17.0
1631172601.921,40.0,32.0
1631172601.922,28.0,6.0
1631172601.923,6.0,8.0
1631172601.924,0.0,6.0
1631172601.925,46.0,40.0
1631172601.925,38.0,21.0
1631172601.926,42.0,50.0
1631172601.927,14.0,18.0
1631172601.928,31.0,55.0
1631172601.928,55.0
1631172601.929,29.0,10.0
1631172601.93,11.0,6.0
1631172601.93,27.0,22.0
1631172601.931,45.0,39.0
1631172601.932,4.0,12.0
1631172601.933,35.0,40.0
1631172601.933,8.0,39.0
1631172601.934,48.0,41.0
1631172601.934,36.0,3.0
1631172601.935,11.0,17.0
1631172601.936,40.0,32.0
1631172601.936,28.0,6.0
1631172601.937,6.0,8.0
1631172601.938,0.0,6.0
1631172601.938,46.0,40.0
1631172601.939,38.0,21.0
1631172601.94,42.0,50.0
1631172601.941,14.0,18.0
1631172601.942,31.0,55.0
1631172602.518,7.0,49.0
1631172602.678,8.0,10.0
1631172602.952,44.0,38.0
1631172602.973,9.0,0.0
1631172603.039,42.0,2.0
1631172603.124,3.0,7.0
1631172603.358,40.0,52.0
1631172603.362,19.0,9.0
1631172603.616,10.0,33.0
1631172603.718,28.0,56.0
1631172603.952,47.0,26.0
1631172604.165,17.0,50.0
1631172604.198,29.0,49.0
1631172604.476,21.0,7.0
1631172604.751,43.0,36.0
1631172604.935,45.0,8.0
1631172605.029,44.0,37.0
1631172605.128,3.0,28.0
1631172605.373,18.0,50.0
1631172605.398,46.0,30.0
1631172605.5,22.0,46.0
1631172605.75,24.0,41.0
1631172606.004,27.0,48.0
1631172606.233,33.0,58.0
1631172606.414,35.0,13.0
1631172606.578,14.0,23.0
1631172606.615,25.0,29.0
1631172606.631,44.0,9.0
1631172606.639,17.0,35.0
1631172606.737,4.0,51.0
1631172606.938,38.0,23.0
1631172606.942,32.0,12.0
1631172607.209,16.0,57.0
1631172607.246,44.0,21.0
1631172607.544,21.0,8.0
1631172607.679,8.0,37.0
1631172607.979,44.0,24.0
1631172608.187,31.0,5.0
1631172608.265,35.0,38.0
1631172608.404,49.0,8.0
1631172608.618,10.0,37.0
1631172608.912,8.0,55.0
1631172609.08,13.0,10.0
1631172609.187,12.0,22.0
1631172609.453,32.0,52.0
1631172609.523,21.0,15.0
1631172609.634,21.0,41.0
1631172609.924,31.0,38.0
1631172609.982,16.0,50.0
1631172610.121,29.0,35.0
1631172610.227,22.0,58.0
1631172610.424,19.0,54.0
1631172610.449,39.0,20.0
1631172610.653,26.0,3.0
1631172610.858,13.0,50.0
1631172610.997,44.0,0.0
1631172611.043,16.0,34.0
1631172611.067,44.0,43.0
1631172611.206,44.0,10.0
1631172611.256,9.0,43.0
1631172611.403,35.0,37.0
1631172611.677,39.0,47.0
1631172611.964,46.0,25.0
1631172612.185,20.0,44.0
1631172612.255,35.0,15.0
1631172612.48,34.0,22.0
1631172612.493,29.0,12.0
1631172612.636,45.0,38.0
1631172612.931,42.0,15.0
1631172613.025,33.0,29.0
1631172613.119,3.0,7.0
1631172613.246,10.0,2.0
1631172613.357,8.0,37.0
1631172613.418,25.0,55.0
1631172613.488,45.0,36.0
1631172613.754,39.0,34.0
1631172613.984,6.0,1.0
1631172614.16,10.0,14.0
1631172614.34,5.0,9.0
1631172614.352,15.0,13.0
1631172614.619,30.0,55.0
1631172614.873,6.0,3.0
1631172615.077,26.0,28.0
1631172615.327,31.0,24.0
1631172615.364,8.0,17.0
1631172615.417,49.0,3.0
1631172615.548,31.0,34.0
1631172615.667,25.0,29.0
1631172615.847,29.0,43.0
1631172616.003,10.0,57.0
1631172616.048,17.0,45.0
1631172616.249,6.0,44.0
1631172616.548,48.0,24.0
1631172616.597,0.0,16.0
1631172616.806,4.0,57.0
1631172616.913,31.0,28.0
1631172617.08,28.0,59.0
1631172617.089,29.0,33.0
1631172617.371,47.0,27.0
1631172617.543,22.0,45.0
1631172617.818,3.0,4.0
1631172617.953,16.0,0.0
1631172618.096,20.0,45.0
1631172618.113,48.0,15.0
1631172618.146,7.0,56.0
1631172618.424,16.0,17.0
1631172618.637,28.0,54.0
1631172618.854,37.0,53.0
1631172619.047,20.0,22.0
1631172619.182,47.0,51.0
1631172619.37,39.0,33.0
1631172619.546,4.0,18.0
1631172619.55,4.0,20.0
1631172619.661,47.0,20.0
1631172619.792,5.0,6.0
1631172619.8,38.0,0.0
1631172620.026,35.0,57.0
1631172620.14,14.0,53.0
1631172620.399,4.0,58.0
1631172620.456,35.0,9.0
1631172620.575,13.0,42.0
1631172620.792,43.0,19.0
1631172621.058,47.0,29.0
1631172621.25,3.0,33.0
1631172621.259,48.0,25.0
1631172621.414,9.0,6.0
1631172621.644,24.0,12.0
1631172621.918,3.0,57.0
1631172622.139,0.0,51.0
1631172622.418,3.0,20.0
1631172622.639,33.0,38.0
1631172622.844,26.0,10.0
1631172622.877,30.0,19.0
1631172622.91,24.0,49.0
1631172623.053,49.0,11.0
1631172623.262,29.0,43.0
1631172623.335,40.0,43.0
1631172623.385,21.0,9.0
1631172623.602,46.0,59.0
1631172623.635,21.0,56.0
1631172623.659,44.0,38.0
1631172623.753,21.0,24.0
1631172624.015,48.0,51.0
1631172624.155,3.0,51.0
1631172624.355,5.0,0.0
1631172624.474,24.0,29.0
1631172624.687,20.0,5.0
1631172624.9,33.0,28.0
1631172624.917,8.0,30.0
1631172624.941,45.0,37.0
1631172625.154,40.0,6.0
1631172625.265,43.0,33.0
1631172625.33,10.0,2.0
1631172625.531,2.0,47.0
1631172625.675,10.0,20.0
1631172625.973,27.0,11.0
1631172626.06,14.0,5.0
1631172626.101,17.0,8.0
1631172626.346,15.0,34.0
1631172626.592,23.0,20.0
1631172626.801,39.0,34.0
1631172627.006,29.0,13.0
1631172627.096,16.0,56.0
1631172627.104,10.0,18.0
1631172627.395,20.0,36.0
1631172627.673,17.0,12.0
1631172627.813,48.0,21.0
1631172627.923,16.0,11.0
1631172628.198,28.0,51.0
1631172628.358,45.0,0.0
1631172628.398,8.0,33.0
1631172628.624,0.0,31.0
1631172628.89,44.0,13.0
1631172629.017,27.0,35.0
1631172629.148,42.0,56.0
1631172629.353,15.0,24.0
1631172629.455,47.0,1.0
1631172629.558,24.0,48.0
1631172629.697,31.0,35.0
1631172629.705,16.0,5.0
1631172629.98,31.0,0.0
1631172630.271,19.0,5.0
1631172630.299,36.0,8.0
1631172630.422,34.0,47.0
1631172630.672,26.0,46.0
1631172630.951,16.0,27.0
1631172630.971,34.0,51.0
1631172631.18,8.0,51.0
1631172631.225,18.0,58.0
1631172631.258,25.0,47.0
1631172631.45,18.0,34.0
1631172631.676,18.0,28.0
1631172631.704,34.0,47.0
1631172631.942,4.0,40.0
1631172632.241,35.0,3.0
1631172632.491,15.0,31.0
1631172632.741,14.0,16.0
1631172632.777,25.0,25.0
1631172632.99,15.0,32.0
1631172633.101,47.0,17.0
1631172633.298,47.0,15.0
1631172633.392,29.0,9.0
1631172633.457,29.0,21.0
1631172633.584,39.0,58.0
1631172633.814,0.0,9.0
1631172633.986,17.0,26.0
1631172634.027,43.0,38.0
1631172634.26,21.0,59.0
1631172634.457,47.0,28.0
1631172634.719,37.0,15.0
1631172634.854,12.0,44.0
1631172635.043,34.0,54.0
1631172635.309,19.0,35.0
1631172635.555,26.0,21.0
1631172635.579,19.0,11.0
1631172635.588,48.0,58.0
1631172635.821,4.0,3.0
1631172636.001,15.0,11.0
1631172636.112,24.0,25.0
1631172636.329,4.0,6.0
1631172636.382,3.0,32.0
1631172636.513,41.0,34.0
1631172636.591,17.0,40.0
1631172636.681,15.0,7.0
1631172636.902,29.0,57.0
1631172637.12,48.0,22.0
1631172637.148,39.0,8.0
1631172637.353,7.0,21.0
1631172637.505,16.0,21.0
1631172637.664,46.0,55.0
1631172637.791,44.0,55.0
1631172637.914,12.0,13.0
1631172638.14,32.0,4.0
1631172638.234,48.0,32.0
1631172638.492,20.0,23.0
1631172638.729,14.0,19.0
1631172638.893,35.0,1.0
1631172639.139,2.0,46.0
1631172639.356,0.0,10.0
1631172639.483,19.0,25.0
1631172639.725,11.0,31.0
1631172640.02,16.0,19.0
1631172640.29,39.0,50.0
1631172640.425,41.0,17.0
1631172640.458,28.0,57.0
1631172640.671,33.0,36.0
1631172640.757,41.0,14.0
1631172640.769,4.0,6.0
1631172640.863,40.0,22.0
1631172640.925,40.0,4.0
1631172641.138,41.0,7.0
1631172641.421,34.0,17.0
1631172641.49,11.0,1.0
1631172641.556,2.0,52.0
1631172641.687,4.0,19.0
1631172641.834,27.0,2.0
1631172641.945,19.0,30.0
1631172642.121,41.0,56.0
1631172642.244,49.0,32.0
1631172642.502,6.0,10.0
1631172642.555,48.0,34.0
1631172642.801,18.0,30.0
1631172642.899,45.0,21.0
1631172643.133,1.0,45.0
1631172643.293,7.0,50.0
1631172643.522,5.0,13.0
1631172643.559,19.0,56.0
1631172643.567,21.0,35.0
1631172643.78,0.0,9.0
1631172644.042,4.0,3.0
1631172644.087,39.0,30.0
1631172644.124,15.0,44.0
1631172644.317,13.0,18.0
1631172644.468,42.0,16.0
1631172644.685,20.0,40.0
1631172644.833,18.0,21.0
1631172644.98,46.0,47.0
1631172645.185,34.0,28.0
1631172645.353,48.0,35.0
1631172645.607,21.0,49.0
1631172645.701,19.0,51.0
1631172645.722,14.0,19.0
1631172645.951,10.0,40.0
1631172645.967,42.0,18.0
1631172646.049,44.0,48.0
1631172646.242,25.0,0.0
1631172646.443,46.0,27.0
1631172646.713,37.0,43.0
1631172646.746,2.0,41.0
1631172646.77,0.0,40.0
1631172646.848,7.0,3.0
1631172647.147,14.0,25.0
1631172647.209,9.0,10.0
1631172647.258,18.0,50.0
1631172647.516,43.0,15.0
1631172647.7,34.0,15.0
1631172647.819,1.0,26.0
1631172648.073,9.0,43.0
1631172648.089,37.0,39.0
1631172648.384,0.0,37.0
1631172648.47,28.0,44.0
1631172648.515,15.0,20.0
1631172648.679,40.0,47.0
1631172648.95,28.0,22.0
1631172649.109,19.0,30.0
1631172649.335,28.0,33.0
1631172649.597,10.0,0.0
1631172649.871,0.0,54.0
1631172650.08,6.0,11.0
1631172650.166,31.0,4.0
1631172650.207,26.0,24.0
1631172650.457,8.0,14.0
1631172650.613,19.0,28.0
1631172650.686,20.0,23.0
1631172650.732,24.0,23.0
1631172650.985,8.0,41.0
1631172651.137,38.0,3.0
1631172651.301,19.0,59.0
1631172651.354,11.0,7.0
1631172651.407,49.0,28.0
1631172651.653,30.0,6.0
1631172651.936,24.0,56.0
1631172652.046,17.0,34.0
1631172652.284,34.0,51.0
1631172652.436,16.0,47.0
1631172652.444,39.0,7.0
1631172652.518,31.0,35.0
1631172652.657,24.0,15.0
1631172652.685,22.0,28.0
1631172652.984,20.0,27.0
1631172653.283,39.0,6.0
1631172653.574,11.0,52.0
1631172653.836,12.0,1.0
1631172653.89,30.0,21.0
1631172654.103,28.0,30.0
1631172654.299,9.0,54.0
1631172654.594,44.0,10.0
1631172654.725,9.0,57.0
1631172654.906,32.0,12.0
1631172655.188,31.0,33.0
1631172655.311,21.0,56.0
1631172655.332,41.0,40.0
1631172655.426,20.0,4.0
1631172655.725,29.0,4.0
1631172656.003,20.0,16.0
1631172656.102,30.0,38.0
1631172656.388,2.0,48.0
1631172656.589,12.0,20.0
1631172656.839,35.0,43.0
1631172656.954,9.0,18.0
1631172657.015,11.0,42.0
1631172657.06,4.0,0.0
1631172657.146,20.0,28.0
1631172657.195,44.0,29.0
1631172657.29,19.0,10.0
1631172657.363,23.0,25.0
1631172657.581,0.0,51.0
1631172657.728,46.0,49.0
1631172657.798,44.0,30.0
1631172657.888,14.0,24.0
1631172658.15,19.0,0.0
1631172658.211,11.0,5.0
1631172658.449,49.0,30.0
1631172658.469,10.0,53.0
1631172658.498,22.0,21.0
1631172658.564,18.0,43.0
1631172658.687,39.0,37.0
1631172658.781,14.0,38.0
1631172658.936,21.0,1.0
1631172658.994,36.0,29.0
1631172659.121,20.0,22.0
1631172659.231,16.0,7.0
1631172659.481,1.0,12.0
1631172659.493,23.0,36.0
1631172659.498,7.0,53.0
1631172659.662,3.0,32.0
1631172659.891,40.0,33.0
1631172659.948,33.0,15.0
1631172659.985,1.0,58.0
1631172660.079,10.0,18.0
1631172660.108,25.0,38.0
1631172660.403,33.0,22.0
1631172660.579,36.0,46.0
1631172660.853,14.0,44.0
1631172661.144,19.0,22.0
1631172661.173,9.0,42.0
1631172661.218,16.0,27.0
1631172661.39,48.0,20.0
1631172661.46,48.0,12.0
1631172661.505,28.0,40.0
1631172661.55,42.0,23.0
1631172661.832,22.0,1.0
1631172661.845,21.0,26.0
1631172661.857,19.0,31.0
1631172661.914,19.0,46.0
1631172662.172,16.0,14.0
1631172662.324,14.0,55.0
1631172662.463,16.0,17.0
1631172662.742,10.0,12.0
1631172663.033,31.0,14.0
1631172663.295,27.0,24.0
1631172663.479,33.0,50.0
1631172663.606,49.0,9.0
1631172663.717,44.0,24.0
1631172663.766,12.0,59.0
1631172663.901,7.0,23.0
1631172663.999,9.0,50.0
1631172664.155,41.0,1.0
1631172664.282,3.0,29.0
1631172664.577,3.0,1.0
1631172664.634,41.0,3.0
1631172664.655,18.0,7.0
1631172664.884,22.0,59.0
1631172665.122,4.0,51.0
1631172665.216,45.0,30.0
1631172665.392,12.0,56.0
1631172665.507,26.0,13.0
1631172665.753,21.0,39.0
1631172665.99,29.0,28.0
1631172666.236,28.0,57.0
1631172666.359,38.0,8.0
1631172666.49,26.0,8.0
1631172666.695,49.0,15.0
1631172666.723,26.0,8.0
1631172667.022,19.0,4.0
1631172667.158,16.0,58.0
1631172667.453,33.0,58.0
1631172667.469,48.0,1.0
1631172667.723,18.0,57.0
1631172667.768,11.0,58.0
1631172667.797,13.0,55.0
1631172668.001,8.0,28.0
1631172668.083,19.0,43.0
1631172668.26,42.0,53.0
1631172668.44,3.0,55.0
1631172668.612,25.0,44.0
1631172668.874,32.0,19.0
1631172669.005,35.0,8.0
1631172669.173,10.0,54.0
1631172669.243,28.0,45.0
1631172669.288,29.0,15.0
1631172669.316,37.0,43.0
1631172669.353,16.0,34.0
1631172669.435,25.0,24.0
1631172669.493,6.0,39.0
1631172669.656,43.0,26.0
1631172669.89,24.0,27.0
1631172670.082,30.0,7.0
1631172670.25,10.0,22.0
1631172670.357,14.0,32.0
1631172670.599,35.0,51.0
1631172670.803,10.0,40.0
1631172670.816,3.0,10.0
1631172671.0,0.0,25.0
1631172671.07,34.0,8.0
1631172671.074,36.0,40.0
1631172671.266,49.0,22.0
1631172671.492,33.0,57.0
1631172671.528,2.0,9.0
1631172671.807,25.0,29.0
1631172671.93,45.0,45.0
1631172671.95,41.0,21.0
1631172672.024,14.0,22.0
1631172672.032,33.0,26.0
1631172672.049,1.0,50.0
1631172672.196,25.0,58.0
1631172672.258,31.0,56.0
1631172672.278,8.0,44.0
1631172672.524,8.0,51.0
1631172672.72,0.0,14.0
1631172672.917,49.0,45.0
1631172673.052,12.0,59.0
1631172673.306,21.0,26.0
1631172673.441,10.0,22.0
1631172673.618,43.0,55.0
1631172673.806,21.0,58.0
1631172674.027,41.0,13.0
1631172674.084,7.0,12.0
1631172674.13,25.0,8.0
1631172674.244,15.0,56.0
1631172674.334,47.0,29.0
1631172674.367,34.0,48.0
1631172674.412,29.0,46.0
1631172674.564,7.0,17.0
1631172674.769,21.0,7.0
1631172675.002,49.0,56.0
1631172675.264,38.0,50.0
1631172675.547,36.0,56.0
1631172675.83,24.0,2.0
1631172675.895,31.0,12.0
1631172676.145,2.0,35.0
1631172676.28,4.0,8.0
1631172676.563,31.0,50.0
1631172676.858,14.0,52.0
1631172676.894,37.0,9.0
1631172676.981,19.0,41.0
1631172677.091,8.0,29.0
1631172677.329,17.0,39.0
1631172677.394,49.0,0.0
1631172677.513,27.0,2.0
1631172677.656,30.0,21.0
1631172677.738,30.0,5.0
1631172677.878,44.0,25.0
1631172678.078,33.0,0.0
1631172678.136,34.0,57.0
1631172678.418,31.0,58.0
1631172678.623,42.0,20.0
1631172678.873,1.0,22.0
1631172679.016,35.0,55.0
1631172679.09,43.0,2.0
1631172679.102,41.0,41.0
1631172679.385,18.0,20.0
1631172679.414,5.0,22.0
1631172679.578,32.0,33.0
1631172679.774,28.0,24.0
1631172680.028,11.0,1.0
1631172680.237,4.0,11.0
1631172680.356,11.0,44.0
1631172680.561,22.0,13.0
1631172680.704,36.0,58.0
1631172680.897,38.0,43.0
1631172680.938,2.0,3.0
1631172681.11,19.0,32.0
1631172681.224,32.0,42.0
1631172681.323,9.0,13.0
1631172681.515,19.0,30.0
1631172681.523,15.0,58.0
1631172681.667,45.0,50.0
1631172681.831,8.0,23.0
1631172681.929,9.0,13.0
1631172682.179,1.0,45.0
1631172682.384,17.0,13.0
1631172682.58,16.0,44.0
1631172682.851,42.0,23.0
1631172682.965,29.0,37.0
1631172683.047,14.0,12.0
1631172683.203,26.0,27.0
1631172683.457,9.0,32.0
1631172683.744,22.0,49.0
1631172684.03,49.0,19.0
1631172684.129,40.0,23.0
1631172684.215,43.0,47.0
1631172684.399,48.0,7.0
1631172684.419,31.0,16.0
1631172684.579,13.0,34.0
1631172684.764,32.0,42.0
1631172684.776,41.0,31.0
1631172684.919,33.0,13.0
1631172685.05,30.0,44.0
1631172685.063,37.0,30.0
1631172685.345,8.0,26.0
1631172685.579,40.0,19.0
1631172685.714,12.0,18.0
1631172685.767,26.0,6.0
1631172685.98,45.0,1.0
1631172686.259,41.0,58.0
1631172686.312,20.0,57.0
1631172686.537,1.0,2.0
1631172686.672,37.0,44.0
1631172686.93,5.0,7.0
1631172687.074,8.0,39.0
1631172687.217,47.0,1.0
1631172687.381,7.0,5.0
1631172687.401,12.0,4.0
1631172687.684,9.0,39.0
1631172687.803,40.0,31.0
1631172687.946,22.0,33.0
1631172688.065,49.0,41.0
1631172688.213,31.0,36.0
1631172688.237,46.0,44.0
1631172688.385,38.0,31.0
1631172688.446,35.0,25.0
1631172688.647,37.0,57.0
1631172688.696,20.0,4.0
1631172688.79,25.0,43.0
1631172688.979,36.0,45.0
1631172689.22,7.0,32.0
1631172689.384,28.0,4.0
1631172689.487,31.0,40.0
1631172689.573,30.0,43.0
1631172689.741,48.0,44.0
1631172689.859,49.0,25.0
1631172689.933,13.0,36.0
1631172690.212,48.0,59.0
1631172690.269,14.0,5.0
1631172690.359,7.0,45.0
1631172690.588,14.0,15.0
1631172690.793,47.0,9.0
1631172691.088,29.0,6.0
1631172691.256,48.0,45.0
1631172691.318,18.0,13.0
1631172691.596,3.0,43.0
1631172691.621,9.0,21.0
1631172691.797,34.0,15.0
1631172691.998,36.0,39.0
1631172692.215,0.0,13.0
1631172692.366,42.0,28.0
1631172692.448,31.0,27.0
1631172692.456,6.0,38.0
1631172692.661,17.0,14.0
1631172692.673,20.0,58.0
1631172692.891,46.0,44.0
1631172692.948,13.0,57.0
1631172693.145,34.0,16.0
1631172693.255,12.0,53.0
1631172693.333,24.0,44.0
1631172693.448,23.0,42.0
1631172693.726,27.0,9.0
1631172693.775,31.0,33.0
1631172694.009,39.0,40.0
1631172694.201,47.0,24.0
1631172694.373,8.0,40.0
1631172694.423,18.0,1.0
1631172694.439,42.0,13.0
1631172694.722,6.0,20.0
1631172695.016,18.0,50.0
1631172695.18,49.0,34.0
1631172695.205,21.0,31.0
1631172695.254,17.0,10.0
1631172695.508,25.0,21.0
1631172695.705,42.0,34.0
1631172695.774,46.0,47.0
1631172695.996,15.0,9.0
1631172696.266,15.0,40.0
1631172696.278,25.0,49.0
1631172696.573,23.0,54.0
1631172696.647,14.0,14.0
1631172696.671,25.0,57.0
1631172696.827,27.0,2.0
1631172696.901,22.0,59.0
1631172696.942,33.0,17.0
1631172697.171,40.0,46.0
1631172697.269,12.0,55.0
1631172697.306,16.0,21.0
1631172697.392,27.0,38.0
1631172697.45,22.0,27.0
1631172697.585,31.0,6.0
1631172697.88,30.0,35.0
1631172698.138,19.0,32.0
1631172698.281,12.0,26.0
1631172698.412,43.0,26.0
1631172698.539,26.0,13.0
1631172698.72,46.0,32.0
1631172698.879,9.0,57.0
1631172698.904,22.0,0.0
1631172699.056,15.0,20.0
1631172699.15,1.0,12.0
1631172699.424,27.0,17.0
1631172699.449,15.0,1.0
1631172699.686,49.0,7.0
1631172699.908,30.0,56.0
1631172699.932,31.0,27.0
1631172700.092,47.0,13.0
1631172700.317,29.0,2.0
1631172700.567,3.0,19.0
1631172700.735,27.0,4.0
1631172700.964,27.0,6.0
1631172700.973,22.0,21.0
1631172701.198,48.0,37.0
1631172701.247,44.0,27.0
1631172701.3,9.0,57.0
1631172701.468,1.0,44.0
1631172701.755,20.0,55.0
1631172701.775,27.0,35.0
1631172701.87,14.0,0.0
1631172701.988,17.0,43.0
1631172702.103,4.0,28.0
1631172702.394,25.0,53.0
1631172702.414,7.0,36.0
1631172702.496,42.0,22.0
1631172702.705,40.0,25.0
1631172702.775,6.0,21.0
1631172702.898,20.0,22.0
1631172703.012,35.0,32.0
1631172703.307,35.0,30.0
1631172703.439,13.0,11.0
1631172703.586,1.0,50.0
1631172703.737,47.0,34.0
1631172703.885,23.0,8.0
1631172704.155,32.0,59.0
1631172704.311,45.0,22.0
1631172704.434,39.0,39.0
1631172704.528,36.0,7.0
1631172704.721,0.0,6.0
1631172704.925,15.0,44.0
1631172705.179,24.0,37.0
1631172705.257,45.0,46.0
1631172705.319,41.0,11.0
1631172705.458,6.0,59.0
1631172705.556,47.0,49.0
1631172705.622,22.0,25.0
1631172705.823,19.0,40.0
1631172706.113,48.0,13.0
1631172706.392,26.0,33.0
1631172706.486,43.0,23.0
1631172706.597,24.0,26.0
1631172706.605,30.0,41.0
1631172706.687,25.0,29.0
1631172706.81,8.0,25.0
1631172707.109,21.0,14.0
1631172707.17,6.0,12.0
1631172707.322,3.0,35.0
1631172707.604,5.0,22.0
1631172707.654,45.0,12.0
1631172707.723,31.0,0.0
1631172707.99,47.0,39.0
1631172708.157,1.0,19.0
1631172708.44,29.0,56.0
1631172708.469,1.0,36.0
1631172708.501,31.0,0.0
1631172708.563,1.0,45.0
1631172708.633,4.0,57.0
1631172708.825,15.0,48.0
1631172708.887,16.0,13.0
1631172708.968,36.0,30.0
1631172709.12,26.0,59.0
1631172709.329,32.0,31.0
1631172709.599,1.0,27.0
1631172709.681,8.0,57.0
1631172709.718,2.0,58.0
1631172709.743,38.0,34.0
1631172709.952,46.0,3.0
1631172710.115,23.0,46.0
1631172710.292,5.0,34.0
1631172710.414,31.0,57.0
1631172710.488,29.0,54.0
1631172710.714,6.0,56.0
1631172710.73,47.0,53.0
1631172711.013,7.0,20.0
1631172711.07,0.0,36.0
1631172711.086,33.0,35.0
1631172711.095,12.0,6.0
1631172711.303,8.0,27.0
1631172711.578,37.0,56.0
1631172711.729,24.0,6.0
1631172711.938,33.0,21.0
1631172712.098,21.0,36.0
1631172712.311,14.0,29.0
1631172712.446,9.0,18.0
1631172712.643,10.0,27.0
1631172712.684,42.0,35.0
1631172712.704,11.0,0.0
1631172712.917,9.0,10.0
1631172713.204,45.0,38.0
1631172713.335,38.0,44.0
1631172713.519,40.0,50.0
1631172713.638,25.0,58.0
1631172713.909,37.0,2.0
1631172714.199,20.0,22.0
1631172714.404,34.0,0.0
1631172714.552,3.0,20.0
1631172714.601,25.0,22.0
1631172714.744,20.0,18.0
1631172714.986,15.0,15.0
1631172715.264,34.0,27.0
1631172715.539,30.0,10.0
1631172715.633,6.0,1.0
1631172715.879,22.0,55.0
1631172716.117,25.0,40.0
1631172716.19,36.0,37.0
1631172716.399,37.0,35.0
1631172716.58,45.0,56.0
1631172716.866,32.0,47.0
1631172716.915,49.0,5.0
1631172716.965,27.0,6.0
1631172717.059,45.0,56.0
1631172717.321,31.0,45.0
1631172717.526,29.0,50.0
1631172717.55,7.0,42.0
1631172717.604,23.0,40.0
1631172717.808,33.0,14.0
1631172717.89,7.0,23.0
1631172718.029,37.0,49.0
1631172718.316,36.0,11.0
1631172718.513,22.0,10.0
1631172718.742,4.0,26.0
1631172718.861,17.0,43.0
1631172719.0,13.0,12.0
1631172719.242,44.0,48.0
1631172719.324,29.0,5.0
1631172719.332,37.0,20.0
1631172719.619,47.0,19.0
1631172719.684,13.0,0.0
1631172719.783,47.0,1.0
1631172719.873,5.0,40.0
1631172720.02,22.0,36.0
1631172720.049,19.0,9.0
1631172720.139,29.0,52.0
1631172720.368,8.0,7.0
1631172720.553,12.0,56.0
1631172720.561,45.0,48.0
1631172720.745,8.0,33.0
1631172720.913,5.0,54.0
1631172721.167,35.0,30.0
1631172721.429,29.0,38.0
1631172721.671,9.0,45.0
1631172721.794,48.0,24.0
1631172721.97,37.0,31.0
1631172722.015,48.0,57.0
1631172722.22,32.0,56.0
1631172722.294,33.0,30.0
1631172722.486,20.0,30.0
1631172722.54,3.0,48.0
1631172722.769,23.0,2.0
1631172723.039,0.0,5.0
1631172723.293,21.0,24.0
1631172723.531,47.0,28.0
1631172723.818,35.0,48.0
1631172724.076,24.0,23.0
1631172724.338,22.0,24.0
1631172724.473,39.0,56.0
1631172724.719,48.0,27.0
1631172725.014,17.0,3.0
1631172725.288,43.0,36.0
1631172725.325,46.0,22.0
1631172725.583,42.0,36.0
1631172725.686,31.0,21.0
1631172725.784,38.0,24.0
1631172726.038,37.0,23.0
1631172726.054,15.0,33.0
1631172726.112,38.0,51.0
1631172726.398,40.0,20.0
1631172726.431,26.0,49.0
1631172726.538,14.0,37.0
1631172726.664,38.0,6.0
1631172726.71,7.0,45.0
1631172726.816,29.0,31.0
1631172726.955,9.0,41.0
1631172727.025,25.0,34.0
1631172727.316,14.0,3.0
1631172727.447,1.0,12.0
1631172727.488,3.0,49.0
1631172727.721,30.0,59.0
1631172727.996,40.0,56.0
1631172728.282,4.0,18.0
1631172728.352,36.0,26.0
1631172728.614,24.0,38.0
1631172728.635,27.0,35.0
1631172728.762,41.0,49.0
1631172728.922,35.0,25.0
1631172729.081,11.0,12.0
1631172729.253,19.0,14.0
1631172729.356,4.0,51.0
1631172729.475,4.0,23.0
1631172729.548,13.0,11.0
1631172729.692,8.0,39.0
1631172729.7,22.0,12.0
1631172729.97,15.0,29.0
1631172730.085,43.0,20.0
1631172730.195,5.0,24.0
1631172730.343,11.0,9.0
1631172730.626,48.0,45.0
1631172730.736,10.0,40.0
1631172730.925,13.0,53.0
1631172731.191,35.0,0.0
1631172731.478,42.0,14.0
1631172731.768,13.0,53.0
1631172731.777,48.0,43.0
1631172732.031,41.0,37.0
1631172732.223,47.0,29.0
1631172732.436,19.0,40.0
1631172732.666,15.0,31.0
1631172732.879,46.0,10.0
1631172732.985,23.0,28.0
1631172733.006,20.0,16.0
1631172733.272,27.0,32.0
1631172733.382,30.0,36.0
1631172733.485,41.0,18.0
1631172733.759,19.0,23.0
1631172733.825,31.0,38.0
1631172734.005,17.0,12.0
1631172734.058,11.0,55.0
1631172734.173,29.0,7.0
1631172734.468,36.0,20.0
1631172734.722,42.0,41.0
1631172734.964,11.0,24.0
1631172735.132,13.0,30.0
1631172735.238,35.0,0.0
1631172735.299,45.0,17.0
1631172735.377,49.0,22.0
1631172735.562,17.0,59.0
1631172735.832,37.0,49.0
1631172736.131,18.0,38.0
1631172736.139,15.0,57.0
1631172736.25,29.0,24.0
1631172736.467,16.0,52.0
1631172736.561,10.0,38.0
1631172736.84,21.0,4.0
1631172737.09,30.0,57.0
1631172737.245,4.0,35.0
1631172737.454,21.0,48.0
1631172737.499,2.0,15.0
1631172737.712,10.0,0.0
1631172737.995,10.0,42.0
1631172738.204,1.0,20.0
1631172738.437,20.0,4.0
1631172738.445,5.0,28.0
1631172738.622,24.0,29.0
1631172738.818,44.0,56.0
1631172738.839,31.0,1.0
1631172739.027,38.0,43.0
1631172739.236,22.0,33.0
1631172739.326,1.0,3.0
1631172739.527,7.0,40.0
1631172739.584,39.0,21.0
1631172739.785,10.0,14.0
1631172740.08,28.0,11.0
1631172740.227,31.0,13.0
1631172740.448,18.0,15.0
1631172740.522,24.0,13.0
1631172740.789,37.0,55.0
1631172740.907,43.0,46.0
1631172741.014,31.0,18.0
1631172741.26,30.0,9.0
1631172741.55,32.0,54.0
1631172741.833,20.0,33.0
1631172742.046,38.0,4.0
1631172742.185,38.0,27.0
1631172742.247,8.0,16.0
1631172742.321,27.0,32.0
1631172742.398,29.0,30.0
1631172742.456,1.0,7.0
1631172742.681,39.0,40.0
1631172742.845,27.0,36.0
1631172743.05,11.0,44.0
1631172743.308,25.0,19.0
1631172743.447,49.0,59.0
1631172743.619,24.0,50.0
1631172743.685,42.0,22.0
1631172743.705,10.0,34.0
1631172743.754,43.0,57.0
1631172743.762,15.0,48.0
1631172743.828,32.0,8.0
1631172743.893,8.0,2.0
1631172744.106,19.0,50.0
1631172744.143,42.0,36.0
1631172744.389,8.0,50.0
1631172744.623,19.0,57.0
1631172744.856,44.0,33.0
1631172745.069,11.0,25.0
1631172745.225,7.0,33.0
1631172745.401,14.0,27.0
1631172745.503,14.0,49.0
1631172745.54,14.0,27.0
1631172745.839,48.0,47.0
1631172746.048,17.0,0.0
1631172746.306,20.0,43.0
1631172746.36,18.0,46.0
1631172746.368,22.0,17.0
1631172746.56,21.0,56.0
1631172746.679,41.0,18.0
1631172746.712,38.0,51.0
1631172746.986,7.0,20.0
1631172747.08,43.0,52.0
1631172747.367,13.0,28.0
1631172747.375,48.0,37.0
1631172747.424,38.0,26.0
1631172747.465,15.0,28.0
1631172747.576,16.0,43.0
1631172747.617,4.0,27.0
1631172747.773,22.0,6.0
1631172748.002,3.0,20.0
1631172748.231,14.0,11.0
1631172748.436,29.0,2.0
1631172748.653,38.0,30.0
1631172748.739,2.0,13.0
1631172748.887,47.0,55.0
1631172749.137,38.0,46.0
1631172749.366,17.0,42.0
1631172749.591,26.0,16.0
1631172749.649,29.0,4.0
1631172749.895,40.0,57.0
1631172750.12,11.0,43.0
1631172750.165,2.0,25.0
1631172750.402,22.0,7.0
1631172750.562,15.0,27.0
1631172750.824,32.0,37.0
1631172750.869,28.0,53.0
1631172751.103,1.0,59.0
1631172751.324,23.0,4.0
1631172751.418,8.0,59.0
1631172751.459,48.0,7.0
1631172751.513,33.0,8.0
1631172751.554,21.0,19.0
1631172751.726,30.0,41.0
1631172751.799,13.0,47.0
1631172752.057,48.0,29.0
1631172752.07,30.0,47.0
1631172752.197,25.0,48.0
1631172752.287,14.0,47.0
1631172752.492,38.0,27.0
1631172752.692,31.0,19.0
1631172752.852,46.0,27.0
1631172752.991,38.0,1.0
1631172753.233,2.0,45.0
1631172753.503,11.0,48.0
1631172753.704,43.0,53.0
1631172753.987,36.0,22.0
1631172754.249,20.0,1.0
1631172754.54,40.0,28.0
1631172754.593,5.0,7.0
1631172754.605,1.0,25.0
1631172754.806,9.0,57.0
1631172754.896,43.0,22.0
1631172755.179,3.0,59.0
1631172755.363,11.0,44.0
1631172755.494,27.0,4.0
1631172755.72,6.0,34.0
1631172755.83,48.0,28.0
1631172756.035,37.0,35.0
1631172756.264,36.0,37.0
1631172756.49,14.0,34.0
1631172756.617,33.0,3.0
1631172756.752,44.0,50.0
1631172756.879,4.0,5.0
1631172757.063,14.0,35.0
1631172757.088,29.0,50.0
1631172757.108,40.0,21.0
1631172757.333,49.0,47.0
1631172757.342,10.0,44.0
1631172757.497,10.0,44.0
1631172757.628,27.0,1.0
1631172757.727,32.0,44.0
1631172757.813,19.0,23.0
1631172758.071,18.0,58.0
1631172758.095,19.0,34.0
1631172758.317,37.0,57.0
1631172758.337,39.0,12.0
1631172758.579,33.0,22.0
1631172758.82,2.0,7.0
1631172758.91,38.0,27.0
1631172758.943,32.0,41.0
1631172759.144,32.0,7.0
1631172759.197,35.0,10.0
1631172759.414,23.0,5.0
1631172759.492,17.0,38.0
1631172759.783,0.0,14.0
1631172759.873,7.0,59.0
1631172759.922,43.0,32.0
1631172760.201,19.0,18.0
1631172760.328,48.0,9.0
1631172760.488,40.0,8.0
1631172760.696,26.0,12.0
1631172760.75,17.0,13.0
1631172760.959,41.0,51.0
1631172761.168,18.0,23.0
1631172761.176,22.0,17.0
1631172761.426,28.0,6.0
1631172761.721,13.0,23.0
1631172761.831,34.0,13.0
1631172761.921,32.0,29.0
1631172761.925,12.0,4.0
1631172762.175,35.0,10.0
1631172762.372,44.0,6.0
1631172762.523,34.0,55.0
1631172762.794,41.0,59.0
1631172763.064,19.0,41.0
1631172763.162,10.0,13.0
1631172763.453,11.0,8.0
1631172763.461,12.0,19.0
1631172763.695,19.0,11.0
1631172763.908,14.0,4.0
1631172764.019,44.0,51.0
1631172764.146,41.0,39.0
1631172764.244,45.0,6.0
1631172764.436,11.0,18.0
1631172764.617,3.0,58.0
1631172764.838,3.0,0.0
1631172765.051,23.0,37.0
1631172765.329,49.0,53.0
1631172765.579,43.0,58.0
1631172765.624,25.0,35.0
1631172765.809,26.0,50.0
1631172766.042,28.0,28.0
1631172766.239,12.0,1.0
1631172766.489,37.0,34.0
1631172766.784,30.0,27.0
1631172767.038,25.0,3.0
1631172767.107,15.0,30.0
1631172767.246,25.0,3.0
1631172767.312,12.0,9.0
1631172767.492,23.0,57.0
1631172767.652,23.0,53.0
1631172767.754,2.0,16.0
1631172767.918,38.0,31.0
1631172768.185,44.0,29.0
1631172768.267,46.0,29.0
1631172768.463,44.0,35.0
1631172768.627,8.0,3.0
1631172768.832,4.0,26.0
1631172768.987,0.0,55.0
1631172769.016,13.0,32.0
1631172769.028,34.0,7.0
1631172769.245,27.0,11.0
1631172769.434,33.0,40.0
1631172769.733,40.0,22.0
1631172769.745,36.0,42.0
1631172769.905,19.0,54.0
1631172769.983,16.0,17.0
1631172770.282,0.0,59.0
1631172770.581,43.0,48.0
1631172770.655,1.0,6.0
1631172770.945,20.0,41.0
1631172770.995,11.0,27.0
1631172771.142,26.0,16.0
1631172771.318,6.0,36.0
1631172771.58,39.0,59.0
1631172771.662,37.0,46.0
1631172771.761,6.0,51.0
1631172772.019,48.0,46.0
1631172772.187,33.0,41.0
1631172772.477,34.0,58.0
1631172772.506,44.0,26.0
1631172772.604,39.0,15.0
1631172772.633,18.0,20.0
1631172772.895,40.0,28.0
1631172772.903,33.0,3.0
1631172773.039,23.0,56.0
1631172773.252,12.0,29.0
1631172773.305,12.0,41.0
1631172773.44,35.0,51.0
1631172773.665,20.0,46.0
1631172773.858,28.0,26.0
1631172773.891,49.0,23.0
1631172774.018,38.0,41.0
1631172774.206,19.0,41.0
1631172774.423,23.0,18.0
1631172774.575,18.0,41.0
1631172774.763,1.0,23.0
1631172774.857,20.0,13.0
1631172775.099,26.0,50.0
1631172775.156,32.0,6.0
1631172775.349,14.0,2.0
1631172775.455,40.0,59.0
1631172775.656,34.0,35.0
1631172775.75,32.0,14.0
1631172776.021,43.0,47.0
1631172776.045,45.0,4.0
1631172776.14,16.0,14.0
1631172776.226,8.0,41.0
1631172776.394,20.0,42.0
1631172776.684,4.0,49.0
1631172776.93,47.0,12.0
1631172777.11,46.0,37.0
1631172777.356,40.0,46.0
1631172777.557,43.0,1.0
1631172777.573,25.0,17.0
1631172777.774,42.0,31.0
1631172777.844,25.0,37.0
1631172778.04,32.0,17.0
1631172778.106,36.0,12.0
1631172778.114,10.0,19.0
1631172778.126,45.0,45.0
1631172778.306,13.0,28.0
1631172778.573,28.0,5.0
1631172778.777,15.0,46.0
1631172779.064,40.0,43.0
1631172779.269,0.0,19.0
1631172779.392,47.0,59.0
1631172779.412,17.0,17.0
1631172779.642,21.0,51.0
1631172779.712,28.0,22.0
1631172779.912,2.0,56.0
1631172779.961,26.0,24.0
1631172780.011,37.0,53.0
1631172780.023,7.0,19.0
1631172780.133,26.0,20.0
1631172780.351,20.0,12.0
1631172780.408,42.0,26.0
1631172780.42,36.0,9.0
1631172780.604,37.0,27.0
1631172780.637,9.0,25.0
1631172780.736,19.0,31.0
1631172780.805,3.0,33.0
1631172781.002,41.0,58.0
1631172781.149,37.0,46.0
1631172781.371,28.0,34.0
1631172781.534,27.0,7.0
1631172781.833,31.0,10.0
1631172782.124,30.0,3.0
1631172782.243,29.0,47.0
1631172782.526,39.0,54.0
1631172782.558,46.0,29.0
1631172782.788,21.0,35.0
1631172782.923,29.0,6.0
1631172783.009,26.0,54.0
1631172783.193,35.0,27.0
1631172783.341,49.0,20.0
1631172783.627,8.0,53.0
1631172783.738,27.0,30.0
1631172783.881,35.0,31.0
1631172784.127,4.0,8.0
1631172784.389,46.0,39.0
1631172784.566,48.0,45.0
1631172784.713,19.0,27.0
1631172784.721,33.0,29.0
1631172784.91,44.0,26.0
1631172785.041,11.0,29.0
1631172785.196,49.0,37.0
1631172785.242,23.0,35.0
1631172785.52,20.0,56.0
1631172785.794,35.0,28.0
1631172785.885,17.0,4.0
1631172786.032,36.0,10.0
1631172786.044,25.0,38.0
1631172786.188,3.0,52.0
1631172786.298,46.0,32.0
1631172786.364,46.0,47.0
1631172786.425,3.0,19.0
1631172786.573,21.0,40.0
1631172786.72,29.0,18.0
1631172786.819,15.0,36.0
1631172787.06,29.0,47.0
1631172787.212,27.0,48.0
1631172787.392,10.0,18.0
1631172787.585,11.0,37.0
1631172787.658,38.0,2.0
1631172787.904,4.0,19.0
1631172788.174,25.0,45.0
1631172788.33,15.0,20.0
1631172788.396,27.0,1.0
1631172788.654,10.0,25.0
1631172788.748,6.0,53.0
1631172788.92,15.0,19.0
1631172788.928,46.0,53.0
1631172789.063,49.0,2.0
1631172789.084,4.0,22.0
1631172789.129,9.0,36.0
1631172789.358,2.0,56.0
1631172789.514,26.0,19.0
1631172789.608,3.0,36.0
1631172789.87,35.0,35.0
1631172789.993,21.0,13.0
1631172790.243,44.0,35.0
1631172790.321,23.0,20.0
1631172790.53,37.0,23.0
1631172790.616,42.0,1.0
1631172790.771,2.0,38.0
1631172791.017,12.0,45.0
1631172791.148,42.0,3.0
1631172791.329,33.0,34.0
1631172791.517,2.0,13.0
1631172791.791,9.0,34.0
1631172791.861,18.0,58.0
1631172792.013,2.0,34.0
1631172792.041,8.0,41.0
1631172792.136,41.0,24.0
1631172792.23,37.0,54.0
1631172792.459,37.0,22.0
1631172792.758,31.0,52.0
1631172792.84,33.0,56.0
1631172792.975,30.0,55.0
1631172793.147,11.0,33.0
1631172793.393,45.0,40.0
1631172793.688,26.0,32.0
1631172793.803,33.0,21.0
1631172793.983,33.0,55.0
1631172794.028,16.0,50.0
1631172794.298,47.0,24.0
1631172794.38,32.0,41.0
1631172794.458,1.0,27.0
1631172794.581,15.0,1.0
1631172794.745,32.0,46.0
1631172794.987,12.0,44.0
1631172795.146,27.0,15.0
1631172795.4,23.0,46.0
1631172795.56,23.0,5.0
1631172795.699,46.0,47.0
1631172795.822,33.0,31.0
1631172795.994,43.0,26.0
1631172796.093,17.0,21.0
1631172796.187,5.0,54.0
1631172796.482,16.0,33.0
1631172796.687,1.0,20.0
1631172796.846,4.0,51.0
1631172796.99,31.0,43.0
1631172797.19,42.0,10.0
1631172797.407,4.0,9.0
1631172797.448,31.0,0.0
1631172797.604,32.0,19.0
1631172797.772,45.0,35.0
1631172797.924,38.0,49.0
1631172797.944,7.0,6.0
1631172798.231,45.0,14.0
1631172798.423,42.0,1.0
1631172798.636,46.0,26.0
1631172798.8,40.0,1.0
1631172799.091,9.0,15.0
1631172799.21,36.0,32.0
1631172799.234,31.0,22.0
1631172799.439,27.0,38.0
1631172799.447,13.0,12.0
1631172799.685,49.0,13.0
1631172799.89,36.0,31.0
1631172800.086,28.0,49.0
1631172800.234,17.0,36.0
1631172800.467,9.0,39.0
1631172800.758,14.0,4.0
1631172801.029,6.0,24.0
1631172801.143,25.0,45.0
1631172801.258,10.0,59.0
1631172801.545,48.0,13.0
1631172801.578,34.0,46.0
1631172801.729,10.0,7.0
1631172802.004,20.0,8.0
1631172802.024,7.0,59.0
1631172802.282,11.0,47.0
1631172802.573,10.0,20.0
1631172802.81,28.0,18.0
1631172803.101,15.0,35.0
1631172803.175,47.0,3.0
1631172803.429,39.0,55.0
1631172803.654,14.0,5.0
1631172803.871,30.0,58.0
1631172804.027,9.0,29.0
1631172804.175,15.0,56.0
1631172804.326,41.0,53.0
1631172804.342,44.0,46.0
1631172804.543,33.0,0.0
1631172804.777,3.0,26.0
1631172804.83,12.0,8.0
1631172805.113,37.0,28.0
1631172805.174,4.0,16.0
1631172805.186,14.0,9.0
1631172805.432,16.0,29.0
1631172805.494,28.0,1.0
1631172805.727,12.0,11.0
1631172805.981,10.0,59.0
1631172806.28,42.0,46.0
1631172806.403,44.0,7.0
1631172806.686,37.0,0.0
1631172806.743,28.0,0.0
1631172806.854,12.0,46.0
1631172806.874,36.0,7.0
1631172806.903,37.0,56.0
1631172806.911,2.0,10.0
1631172807.177,0.0,16.0
1631172807.292,15.0,46.0
1631172807.493,27.0,12.0
1631172807.673,36.0,4.0
1631172807.783,37.0,14.0
1631172807.919,23.0,11.0
1631172808.091,27.0,17.0
1631172808.386,16.0,45.0
1631172808.66,12.0,56.0
1631172808.881,7.0,49.0
1631172808.959,0.0,12.0
1631172808.963,13.0,8.0
1631172808.992,0.0,36.0
1631172809.197,15.0,51.0
1631172809.373,47.0,28.0
1631172809.471,9.0,16.0
1631172809.647,25.0,4.0
1631172809.807,19.0,32.0
1631172810.049,7.0,35.0
1631172810.319,4.0,45.0
1631172810.389,37.0,8.0
1631172810.684,20.0,56.0
1631172810.798,42.0,21.0
1631172810.974,3.0,41.0
1631172811.241,19.0,48.0
1631172811.351,26.0,42.0
1631172811.519,23.0,28.0
1631172811.54,1.0,40.0
1631172811.789,12.0,24.0
1631172811.978,15.0,11.0
1631172812.011,19.0,13.0
1631172812.293,27.0,8.0
1631172812.58,11.0,10.0
1631172812.605,7.0,39.0
1631172812.867,10.0,39.0
1631172812.891,27.0,26.0
1631172812.99,15.0,52.0
1631172813.039,12.0,31.0
1631172813.215,41.0,0.0
1631172813.305,31.0,43.0
1631172813.522,35.0,50.0
1631172813.547,19.0,57.0
1631172813.739,14.0,16.0
1631172813.748,36.0,51.0
1631172813.911,42.0,46.0
1631172814.03,27.0,4.0
1631172814.116,7.0,5.0
1631172814.129,6.0,51.0
1631172814.247,44.0,1.0
1631172814.317,33.0,31.0
1631172814.399,36.0,42.0
1631172814.501,19.0,21.0
1631172814.78,9.0,25.0
1631172814.858,32.0,0.0
1631172814.915,19.0,14.0
1631172815.202,9.0,42.0
1631172815.366,33.0,10.0
1631172815.493,0.0,59.0
1631172815.759,47.0,59.0
1631172816.042,13.0,13.0
1631172816.234,24.0,33.0
1631172816.25,45.0,11.0
1631172816.468,19.0,43.0
1631172816.64,17.0,51.0
1631172816.75,15.0,24.0
1631172816.84,49.0,20.0
1631172816.926,23.0,4.0
1631172817.164,21.0,7.0
1631172817.418,2.0,32.0
1631172817.475,12.0,31.0
1631172817.557,0.0,56.0
1631172817.786,17.0,40.0
1631172817.893,10.0,1.0
1631172817.983,13.0,30.0
1631172818.241,4.0,12.0
1631172818.286,23.0,10.0
1631172818.495,7.0,13.0
1631172818.712,22.0,0.0
1631172818.72,21.0,38.0
1631172818.88,31.0,14.0
1631172819.015,32.0,21.0
1631172819.028,33.0,37.0
1631172819.032,9.0,11.0
1631172819.282,10.0,31.0
1631172819.515,9.0,49.0
1631172819.691,25.0,7.0
1631172819.822,30.0,7.0
1631172819.876,22.0,27.0
1631172819.9,47.0,22.0
1631172820.113,14.0,18.0
1631172820.207,19.0,7.0
1631172820.273,24.0,58.0
1631172820.343,32.0,12.0
1631172820.408,29.0,22.0
1631172820.576,48.0,34.0
1631172820.838,34.0,27.0
1631172820.916,0.0,17.0
1631172821.043,20.0,11.0
1631172821.297,38.0,5.0
1631172821.518,9.0,17.0
1631172821.559,8.0,52.0
1631172821.637,49.0,42.0
1631172821.69,13.0,11.0
1631172821.965,21.0,4.0
1631172822.165,36.0,11.0
1631172822.174,22.0,15.0
1631172822.329,7.0,11.0
1631172822.542,32.0,17.0
1631172822.727,0.0,38.0
1631172822.899,4.0,9.0
1631172823.005,10.0,54.0
1631172823.194,8.0,6.0
1631172823.472,33.0,51.0
1631172823.591,33.0,31.0
1631172823.648,21.0,24.0
1631172823.931,18.0,53.0
1631172824.218,40.0,24.0
1631172824.443,11.0,48.0
1631172824.451,15.0,33.0
1631172824.566,31.0,54.0
1631172824.578,32.0,32.0
1631172824.816,29.0,12.0
1631172824.873,18.0,21.0
1631172824.922,35.0,7.0
1631172825.045,43.0,19.0
1631172825.18,3.0,27.0
1631172825.188,2.0,53.0
1631172825.279,19.0,53.0
1631172825.512,23.0,56.0
1631172825.676,18.0,15.0
1631172825.824,29.0,12.0
1631172825.832,38.0,35.0
1631172825.983,5.0,42.0
1631172826.217,46.0,44.0
1631172826.294,43.0,0.0
1631172826.54,48.0,7.0
1631172826.688,47.0,7.0
1631172826.811,39.0,13.0
1631172826.909,16.0,25.0
1631172827.065,14.0,54.0
1631172827.073,17.0,1.0
1631172827.122,0.0,49.0
1631172827.417,4.0,8.0
1631172827.45,10.0,36.0
1631172827.482,32.0,13.0
1631172827.528,1.0,4.0
1631172827.573,36.0,10.0
1631172827.593,34.0,1.0
1631172827.614,22.0,41.0
1631172827.904,43.0,29.0
1631172828.08,29.0,28.0
1631172828.162,35.0,42.0
1631172828.375,28.0,47.0
1631172828.576,25.0,21.0
1631172828.761,16.0,53.0
1631172828.83,10.0,41.0
1631172828.908,12.0,43.0
1631172829.055,28.0,8.0
1631172829.145,7.0,29.0
1631172829.432,5.0,49.0
1631172829.641,39.0,5.0
1631172829.707,36.0,45.0
1631172829.731,9.0,56.0
1631172830.018,34.0,51.0
1631172830.051,16.0,28.0
1631172830.288,15.0,29.0
1631172830.485,37.0,26.0
1631172830.776,40.0,29.0
1631172830.829,46.0,15.0
1631172830.927,0.0,50.0
1631172831.165,44.0,0.0
1631172831.337,38.0,46.0
1631172831.362,3.0,31.0
1631172831.431,25.0,0.0
1631172831.616,49.0,25.0
1631172831.808,19.0,51.0
1631172831.906,39.0,15.0
1631172832.074,45.0,18.0
1631172832.267,29.0,47.0
1631172832.41,46.0,46.0
1631172832.574,45.0,6.0
1631172832.849,19.0,25.0
1631172832.967,30.0,59.0
1631172833.201,26.0,27.0
1631172833.361,24.0,16.0
1631172833.533,48.0,11.0
1631172833.787,39.0,0.0
1631172833.815,6.0,40.0
1631172833.946,38.0,40.0
1631172834.057,28.0,38.0
1631172834.241,44.0,52.0
1631172834.524,6.0,38.0
1631172834.737,5.0,42.0
1631172834.782,9.0,49.0
1631172835.007,0.0,10.0
1631172835.274,42.0,9.0
1631172835.442,42.0,12.0
1631172835.7,24.0,30.0
1631172835.986,5.0,11.0
1631172836.076,6.0,58.0
1631172836.367,0.0,47.0
1631172836.564,41.0,44.0
1631172836.781,33.0,38.0
1631172837.043,16.0,59.0
1631172837.072,2.0,38.0
1631172837.154,31.0,53.0
1631172837.342,47.0,11.0
1631172837.49,47.0,1.0
1631172837.555,29.0,14.0
1631172837.654,10.0,26.0
1631172837.785,21.0,34.0
1631172838.002,41.0,55.0
1631172838.116,47.0,34.0
1631172838.366,24.0,46.0
1631172838.583,29.0,46.0
1631172838.661,1.0,17.0
1631172838.915,37.0,30.0
1631172838.989,31.0,54.0
1631172839.157,47.0,11.0
1631172839.333,13.0,59.0
1631172839.562,12.0,43.0
1631172839.8,48.0,9.0
1631172839.984,9.0,3.0
1631172840.181,49.0,44.0
1631172840.357,33.0,24.0
1631172840.419,13.0,41.0
1631172840.64,1.0,21.0
1631172840.685,12.0,48.0
1631172840.767,3.0,34.0
1631172840.988,6.0,16.0
1631172841.066,11.0,57.0
1631172841.103,39.0,40.0
1631172841.221,27.0,38.0
1631172841.34,47.0,20.0
1631172841.377,35.0,2.0
1631172841.484,40.0,32.0
1631172841.66,24.0,26.0
1631172841.791,14.0,7.0
1631172841.836,42.0,56.0
1631172841.901,18.0,50.0
1631172842.016,46.0,53.0
1631172842.278,7.0,37.0
1631172842.336,15.0,34.0
1631172842.373,30.0,53.0
1631172842.401,11.0,11.0
1631172842.45,48.0,42.0
1631172842.573,21.0,48.0
1631172842.852,23.0,45.0
1631172843.069,42.0,2.0
1631172843.257,18.0,24.0
1631172843.511,44.0,29.0
1631172843.72,47.0,42.0
1631172843.974,10.0,42.0
1631172844.064,6.0,57.0
1631172844.101,39.0,6.0
1631172844.359,7.0,1.0
1631172844.498,12.0,27.0
1631172844.548,13.0,3.0
1631172844.683,25.0,56.0
1631172844.752,47.0,54.0
1631172844.793,21.0,57.0
1631172844.965,31.0,46.0
1631172845.002,32.0,25.0
1631172845.195,24.0,49.0
1631172845.437,31.0,18.0
1631172845.621,27.0,33.0
1631172845.686,8.0,50.0
1631172845.809,47.0,46.0
1631172845.822,41.0,59.0
1631172846.059,33.0,54.0
1631172846.076,35.0,10.0
1631172846.252,46.0,23.0
1631172846.391,41.0,31.0
1631172846.444,39.0,20.0
1631172846.731,17.0,17.0
1631172846.751,2.0,49.0
1631172846.96,0.0,27.0
1631172847.247,32.0,19.0
1631172847.534,15.0,9.0
1631172847.726,0.0,44.0
1631172847.841,7.0,39.0
1631172848.115,7.0,5.0
1631172848.394,14.0,40.0
1631172848.517,35.0,29.0
1631172848.615,43.0,26.0
1631172848.791,13.0,23.0
1631172849.033,1.0,57.0
1631172849.303,42.0,24.0
1631172849.598,11.0,33.0
1631172849.881,27.0,19.0
1631172850.098,49.0,20.0
1631172850.172,5.0,13.0
1631172850.209,15.0,42.0
1631172850.258,21.0,27.0
1631172850.422,3.0,44.0
1631172850.655,28.0,50.0
1631172850.807,45.0,26.0
1631172851.003,15.0,58.0
1631172851.085,14.0,16.0
1631172851.196,48.0,3.0
1631172851.253,12.0,37.0
1631172851.397,12.0,26.0
1631172851.454,35.0,15.0
1631172851.511,49.0,37.0
1631172851.749,30.0,24.0
1631172851.896,21.0,16.0
1631172852.101,43.0,33.0
1631172852.384,5.0,18.0
1631172852.466,5.0,55.0
1631172852.597,34.0,7.0
1631172852.789,44.0,3.0
1631172852.99,0.0,59.0
1631172852.998,14.0,54.0
1631172853.162,45.0,18.0
1631172853.355,20.0,5.0
1631172853.49,49.0,14.0
1631172853.699,29.0,53.0
1631172853.883,36.0,20.0
1631172854.063,36.0,6.0
1631172854.141,4.0,26.0
1631172854.248,7.0,44.0
1631172854.432,44.0,39.0
1631172854.481,6.0,28.0
1631172854.702,42.0,57.0
1631172854.792,2.0,40.0
1631172854.915,31.0,42.0
1631172855.112,1.0,13.0
1631172855.149,3.0,14.0
1631172855.247,19.0,19.0
1631172855.407,5.0,34.0
1631172855.526,7.0,27.0
1631172855.784,16.0,1.0
1631172855.857,1.0,3.0
1631172855.874,26.0,48.0
1631172856.058,19.0,9.0
1631172856.222,49.0,24.0
1631172856.23,45.0,42.0
1631172856.349,18.0,11.0
1631172856.505,34.0,40.0
1631172856.779,34.0,34.0
1631172856.902,19.0,27.0
1631172856.972,45.0,56.0
1631172857.209,47.0,41.0
1631172857.385,4.0,48.0
1631172857.59,45.0,17.0
1631172857.832,8.0,49.0
1631172858.037,47.0,14.0
1631172858.323,11.0,33.0
1631172858.545,4.0,40.0
1631172858.622,21.0,39.0
1631172858.696,49.0,21.0
1631172858.885,38.0,9.0
1631172859.024,29.0,12.0
1631172859.221,27.0,15.0
1631172859.52,23.0,46.0
1631172859.778,12.0,28.0
1631172859.946,11.0,58.0
1631172860.216,11.0,42.0
1631172860.445,45.0,19.0
1631172860.671,26.0,57.0
1631172860.679,17.0,36.0
1631172860.97,29.0,49.0
1631172861.048,9.0,41.0
1631172861.338,16.0,40.0
1631172861.588,18.0,14.0
1631172861.863,41.0,3.0
1631172862.084,14.0,16.0
1631172862.092,43.0,14.0
1631172862.235,20.0,40.0
1631172862.489,3.0,58.0
1631172862.735,38.0,18.0
1631172862.952,34.0,15.0
1631172863.133,7.0,9.0
1631172863.366,35.0,36.0
1631172863.403,13.0,27.0
1631172863.563,25.0,5.0
1631172863.78,24.0,11.0
1631172864.05,16.0,30.0
1631172864.202,4.0,21.0
1631172864.468,39.0,50.0
1631172864.603,20.0,0.0
1631172864.857,35.0,51.0
1631172865.082,22.0,43.0
1631172865.107,6.0,31.0
1631172865.357,5.0,44.0
1631172865.517,8.0,11.0
1631172865.717,48.0,44.0
1631172865.742,8.0,44.0
1631172865.799,38.0,45.0
1631172866.09,18.0,22.0
1631172866.209,18.0,42.0
1631172866.5,48.0,42.0
1631172866.741,24.0,27.0
1631172866.766,45.0,46.0
1631172866.881,4.0,50.0
1631172867.085,0.0,34.0
1631172867.27,13.0,4.0
1631172867.565,17.0,2.0
1631172867.675,9.0,3.0
1631172867.872,14.0,57.0
1631172867.905,12.0,26.0
1631172868.019,40.0,19.0
1631172868.277,34.0,33.0
1631172868.376,7.0,42.0
1631172868.658,22.0,18.0
1631172868.945,12.0,44.0
1631172868.99,42.0,13.0
1631172869.175,19.0,7.0
1631172869.236,49.0,36.0
1631172869.277,2.0,17.0
1631172869.363,37.0,43.0
1631172869.564,13.0,29.0
1631172869.699,3.0,21.0
1631172869.9,32.0,36.0
1631172870.027,33.0,29.0
1631172870.293,46.0,55.0
1631172870.452,30.0,58.0
1631172870.506,11.0,49.0
1631172870.788,28.0,6.0
1631172871.006,44.0,41.0
1631172871.186,31.0,2.0
1631172871.276,31.0,16.0
1631172871.419,8.0,37.0
1631172871.571,45.0,59.0
1631172871.8,31.0,51.0
1631172871.98,27.0,28.0
1631172872.136,6.0,12.0
1631172872.202,46.0,52.0
1631172872.239,1.0,30.0
1631172872.407,37.0,30.0
1631172872.435,41.0,17.0
1631172872.554,46.0,41.0
1631172872.562,39.0,9.0
1631172872.738,44.0,48.0
1631172873.033,38.0,43.0
1631172873.066,29.0,49.0
1631172873.197,23.0,54.0
1631172873.283,21.0,10.0
1631172873.537,7.0,2.0
1631172873.553,28.0,8.0
1631172873.668,41.0,57.0
1631172873.771,47.0,37.0
1631172874.045,14.0,16.0
1631172874.233,20.0,35.0
1631172874.414,24.0,36.0
1631172874.668,36.0,52.0
1631172874.84,12.0,23.0
1631172875.102,48.0,19.0
1631172875.319,7.0,40.0
1631172875.43,2.0,22.0
1631172875.634,26.0,26.0
1631172875.856,42.0,55.0
1631172875.958,14.0,22.0
1631172876.048,42.0,38.0
1631172876.134,46.0,42.0
1631172876.273,6.0,32.0
1631172876.454,23.0,43.0
1631172876.548,31.0,34.0
1631172876.798,19.0,17.0
1631172876.851,12.0,12.0
1631172876.912,49.0,18.0
1631172877.191,28.0,27.0
1631172877.461,21.0,45.0
1631172877.728,6.0,10.0
1631172877.809,10.0,25.0
1631172877.945,7.0,20.0
1631172878.166,33.0,45.0
1631172878.399,40.0,0.0
1631172878.494,31.0,53.0
1631172878.612,21.0,8.0
1631172878.805,28.0,6.0
1631172879.092,26.0,23.0
1631172879.268,11.0,16.0
1631172879.53,3.0,19.0
1631172879.6,10.0,22.0
1631172879.604,30.0,0.0
1631172879.632,19.0,20.0
1631172879.645,9.0,7.0
1631172879.772,25.0,54.0
1631172879.89,17.0,25.0
1631172880.099,20.0,10.0
1631172880.235,33.0,26.0
1631172880.308,10.0,19.0
1631172880.448,21.0,1.0
1631172880.747,10.0,41.0
1631172880.89,35.0,53.0
1631172881.144,31.0,3.0
1631172881.164,20.0,31.0
1631172881.177,17.0,29.0
1631172881.439,15.0,17.0
1631172881.648,17.0,28.0
1631172881.656,11.0,17.0
1631172881.693,45.0,33.0
1631172881.803,40.0,3.0
1631172882.041,15.0,11.0
1631172882.213,35.0,44.0
1631172882.397,15.0,40.0
1631172882.586,14.0,51.0
1631172882.643,35.0,19.0
1631172882.795,19.0,58.0
1631172882.827,19.0,50.0
1631172883.118,32.0,43.0
1631172883.184,43.0,54.0
1631172883.253,6.0,11.0
1631172883.401,27.0,18.0
1631172883.462,15.0,58.0
1631172883.475,31.0,31.0
1631172883.487,12.0,12.0
1631172883.766,23.0,39.0
1631172883.835,28.0,21.0
1631172883.979,9.0,31.0
1631172884.22,3.0,6.0
1631172884.409,47.0,6.0
1631172884.618,12.0,24.0
1631172884.671,3.0,1.0
1631172884.884,7.0,8.0
1631172884.974,6.0,14.0
1631172885.216,13.0,33.0
1631172885.445,16.0,34.0
1631172885.699,16.0,50.0
1631172885.773,19.0,49.0
1631172885.867,31.0,45.0
1631172885.879,18.0,26.0
1631172885.99,12.0,7.0
1631172886.031,38.0,32.0
1631172886.15,43.0,26.0
1631172886.383,6.0,50.0
1631172886.612,10.0,29.0
1631172886.801,15.0,51.0
1631172887.067,41.0,19.0
1631172887.251,12.0,5.0
1631172887.514,40.0,39.0
1631172887.62,40.0,36.0
1631172887.862,9.0,50.0
1631172888.136,13.0,47.0
1631172888.378,14.0,36.0
1631172888.419,27.0,53.0
1631172888.599,44.0,44.0
1631172888.706,41.0,36.0
1631172888.902,23.0,0.0
1631172889.091,40.0,12.0
1631172889.152,3.0,41.0
1631172889.324,30.0,53.0
1631172889.582,39.0,16.0
1631172889.685,23.0,53.0
1631172889.697,19.0,7.0
1631172889.722,31.0,15.0
1631172889.73,39.0,45.0
1631172889.894,26.0,52.0
1631172890.143,38.0,24.0
1631172890.229,19.0,39.0
1631172890.242,34.0,53.0
1631172890.479,46.0,38.0
1631172890.733,42.0,24.0
1631172890.836,37.0,20.0
1631172890.86,43.0,43.0
1631172891.114,24.0,34.0
1631172891.376,8.0,9.0
1631172891.499,6.0,12.0
1631172891.766,13.0,41.0
1631172891.938,35.0,0.0
1631172891.962,38.0,34.0
1631172892.06,9.0,59.0
1631172892.355,10.0,41.0
1631172892.589,46.0,9.0
1631172892.626,41.0,8.0
1631172892.704,39.0,0.0
1631172892.785,8.0,43.0
1631172892.99,40.0,55.0
1631172893.162,10.0,50.0
1631172893.294,5.0,13.0
1631172893.588,44.0,28.0
1631172893.638,11.0,26.0
1631172893.765,29.0,49.0
1631172894.047,25.0,30.0
1631172894.223,14.0,28.0
1631172894.375,31.0,53.0
1631172894.514,4.0,48.0
1631172894.686,1.0,5.0
1631172894.764,26.0,13.0
1631172894.928,8.0,32.0
1631172895.145,41.0,16.0
1631172895.235,39.0,45.0
1631172895.268,1.0,29.0
1631172895.501,23.0,15.0
1631172895.698,23.0,41.0
1631172895.743,0.0,55.0
1631172895.993,22.0,7.0
1631172896.259,40.0,47.0
1631172896.431,15.0,23.0
1631172896.468,8.0,32.0
1631172896.587,14.0,33.0
1631172896.825,34.0,20.0
1631172896.915,17.0,41.0
1631172897.16,31.0,19.0
1631172897.234,10.0,40.0
1631172897.238,14.0,1.0
1631172897.369,34.0,39.0
1631172897.484,22.0,43.0
1631172897.722,5.0,12.0
1631172897.873,26.0,19.0
1631172898.008,44.0,17.0
1631172898.082,21.0,11.0
1631172898.27,2.0,42.0
1631172898.283,10.0,54.0
1631172898.459,39.0,6.0
1631172898.545,32.0,27.0
1631172898.713,2.0,17.0
1631172898.75,24.0,36.0
1631172898.934,27.0,51.0
1631172898.967,20.0,4.0
1631172899.127,46.0,42.0
1631172899.323,46.0,31.0
1631172899.331,27.0,2.0
1631172899.487,48.0,46.0
1631172899.639,37.0,0.0
1631172899.901,10.0,1.0
1631172900.159,28.0,40.0
1631172900.323,1.0,53.0
1631172900.577,7.0,12.0
1631172900.802,8.0,40.0
1631172900.9,46.0,17.0
1631172901.048,1.0,4.0
1631172901.294,14.0,23.0
1631172901.359,29.0,40.0
1631172901.609,39.0,27.0
1631172901.675,40.0,0.0
1631172901.859,2.0,30.0
1631172902.027,32.0,10.0
1631172902.051,34.0,23.0
1631172902.072,14.0,7.0
1631172902.322,26.0,52.0
1631172902.408,6.0,18.0
1631172902.522,4.0,39.0
1631172902.797,28.0,34.0
1631172902.838,22.0,6.0
1631172903.1,26.0,4.0
1631172903.272,29.0,40.0
1631172903.366,6.0,33.0
1631172903.522,24.0,57.0
1631172903.587,23.0,43.0
1631172903.723,43.0,21.0
1631172903.854,8.0,42.0
1631172903.993,31.0,41.0
1631172904.263,22.0,54.0
1631172904.448,31.0,17.0
1631172904.468,46.0,16.0
1631172904.632,25.0,29.0
1631172904.673,43.0,23.0
1631172904.792,17.0,4.0
1631172904.915,5.0,58.0
1631172905.197,5.0,0.0
1631172905.398,0.0,15.0
1631172905.619,41.0,48.0
1631172905.705,15.0,57.0
1631172905.816,28.0,9.0
1631172905.968,33.0,51.0
1631172906.156,28.0,34.0
1631172906.283,2.0,45.0
1631172906.533,39.0,35.0
1631172906.656,9.0,43.0
1631172906.664,42.0,38.0
1631172906.889,25.0,17.0
1631172907.004,38.0,24.0
1631172907.106,41.0,21.0
1631172907.233,21.0,40.0
1631172907.422,16.0,31.0
1631172907.618,47.0,29.0
1631172907.622,21.0,4.0
1631172907.868,41.0,36.0
1631172908.134,18.0,39.0
1631172908.155,29.0,2.0
1631172908.38,11.0,22.0
1631172908.483,30.0,38.0
1631172908.63,49.0,34.0
1631172908.753,25.0,17.0
1631172908.99,8.0,3.0
1631172909.244,34.0,14.0
1631172909.343,45.0,39.0
1631172909.548,23.0,30.0
1631172909.564,4.0,18.0
1631172909.629,13.0,20.0
1631172909.867,42.0,31.0
1631172909.875,36.0,2.0
1631172910.15,31.0,0.0
1631172910.174,30.0,29.0
1631172910.453,23.0,35.0
1631172910.465,15.0,45.0
1631172910.629,13.0,52.0
1631172910.797,25.0,27.0
1631172910.879,46.0,7.0
1631172911.01,14.0,34.0
1631172911.235,16.0,6.0
1631172911.46,11.0,42.0
1631172911.641,19.0,40.0
1631172911.854,32.0,51.0
1631172911.895,40.0,13.0
1631172911.952,46.0,16.0
1631172912.059,1.0,58.0
1631172912.079,9.0,0.0
1631172912.136,0.0,8.0
1631172912.378,45.0,0.0
1631172912.415,19.0,24.0
1631172912.603,45.0,57.0
1631172912.71,40.0,58.0
1631172912.907,23.0,6.0
1631172913.173,35.0,48.0
1631172913.271,30.0,34.0
1631172913.283,22.0,37.0
1631172913.468,28.0,14.0
1631172913.529,8.0,22.0
1631172913.718,40.0,5.0
1631172913.906,19.0,52.0
1631172913.951,49.0,50.0
1631172914.16,26.0,46.0
1631172914.435,43.0,12.0
1631172914.713,23.0,13.0
1631172914.86,37.0,25.0
1631172915.0,23.0,23.0
1631172915.061,8.0,8.0
1631172915.151,13.0,20.0
1631172915.274,30.0,20.0
1631172915.467,43.0,28.0
1631172915.475,19.0,23.0
1631172915.516,49.0,19.0
1631172915.753,10.0,43.0
1631172916.016,46.0,23.0
1631172916.069,35.0,29.0
1631172916.257,1.0,46.0
1631172916.339,33.0,47.0
1631172916.626,44.0,31.0
1631172916.823,30.0,19.0
1631172917.052,33.0,6.0
1631172917.257,27.0,27.0
1631172917.306,27.0,48.0
1631172917.527,37.0,55.0
1631172917.613,29.0,35.0
1631172917.777,6.0,50.0
1631172917.978,47.0,46.0
1631172918.191,28.0,13.0
1631172918.428,30.0,11.0
1631172918.629,24.0,21.0
1631172918.744,15.0,58.0
1631172918.793,29.0,22.0
1631172918.801,31.0,49.0
1631172918.85,7.0,31.0
1631172919.145,34.0,51.0
1631172919.293,33.0,2.0
1631172919.354,22.0,13.0
1631172919.559,31.0,6.0
1631172919.592,45.0,57.0
1631172919.878,24.0,47.0
1631172920.173,17.0,36.0
1631172920.341,11.0,17.0
1631172920.493,2.0,38.0
1631172920.665,23.0,28.0
1631172920.788,1.0,28.0
1631172920.882,18.0,43.0
1631172921.124,48.0,7.0
1631172921.202,43.0,20.0
1631172921.247,8.0,16.0
1631172921.46,33.0,16.0
1631172921.537,42.0,15.0
1631172921.718,31.0,25.0
1631172921.726,41.0,40.0
1631172921.824,22.0,13.0
1631172921.959,29.0,2.0
1631172922.041,32.0,34.0
1631172922.303,38.0,17.0
1631172922.553,4.0,20.0
1631172922.766,18.0,10.0
1631172922.975,34.0,3.0
1631172923.127,40.0,43.0
1631172923.192,48.0,39.0
1631172923.291,17.0,17.0
1631172923.389,29.0,35.0
1631172923.553,34.0,54.0
1631172923.696,4.0,50.0
1631172923.704,14.0,36.0
1631172923.811,31.0,30.0
1631172923.844,47.0,4.0
1631172924.114,39.0,8.0
1631172924.405,42.0,43.0
1631172924.421,10.0,57.0
1631172924.63,24.0,24.0
1631172924.765,27.0,57.0
1631172924.876,37.0,24.0
1631172924.995,1.0,30.0
1631172925.253,14.0,35.0
1631172925.273,21.0,55.0
1631172925.568,4.0,18.0
1631172925.638,12.0,6.0
1631172925.892,41.0,27.0
1631172926.162,38.0,23.0
1631172926.326,22.0,31.0
1631172926.494,32.0,53.0
1631172926.6,24.0,49.0
1631172926.842,10.0,1.0
1631172927.137,17.0,18.0
1631172927.174,24.0,19.0
1631172927.457,34.0,5.0
1631172927.756,25.0,26.0
1631172928.042,2.0,41.0
1631172928.321,15.0,39.0
1631172928.35,18.0,18.0
1631172928.608,17.0,6.0
1631172928.735,45.0,54.0
1631172928.849,19.0,14.0
1631172928.878,20.0,54.0
1631172928.935,18.0,41.0
1631172929.112,30.0,19.0
1631172929.173,15.0,34.0
1631172929.37,29.0,22.0
1631172929.386,27.0,40.0
1631172929.533,5.0,42.0
1631172929.607,15.0,36.0
1631172929.804,48.0,53.0
1631172929.882,26.0,22.0
1631172930.123,33.0,9.0
1631172930.271,8.0,1.0
1631172930.463,8.0,25.0
1631172930.619,19.0,46.0
1631172930.648,30.0,12.0
1631172930.844,11.0,16.0
1631172930.93,27.0,12.0
1631172931.102,6.0,24.0
1631172931.192,38.0,54.0
1631172931.328,7.0,31.0
1631172931.438,33.0,16.0
1631172931.606,10.0,31.0
1631172931.659,21.0,11.0
1631172931.688,10.0,3.0
1631172931.864,38.0,7.0
1631172931.909,0.0,59.0
1631172932.024,1.0,59.0
1631172932.032,31.0,48.0
1631172932.225,10.0,4.0
1631172932.429,4.0,27.0
1631172932.573,35.0,43.0
1631172932.753,23.0,1.0
1631172932.802,38.0,51.0
1631172932.937,44.0,11.0
1631172932.942,12.0,37.0
1631172933.118,3.0,5.0
1631172933.388,19.0,39.0
1631172933.552,26.0,56.0
1631172933.699,8.0,18.0
1631172933.708,40.0,7.0
1631172933.978,39.0,39.0
1631172934.17,25.0,16.0
1631172934.273,40.0,42.0
1631172934.392,37.0,48.0
1631172934.617,21.0,4.0
1631172934.711,33.0,28.0
1631172934.924,6.0,1.0
1631172934.986,5.0,48.0
1631172935.096,43.0,4.0
1631172935.326,5.0,26.0
1631172935.518,3.0,40.0
1631172935.645,15.0,31.0
1631172935.858,46.0,12.0
1631172935.891,44.0,29.0
1631172936.083,25.0,3.0
1631172936.358,9.0,15.0
1631172936.55,43.0,55.0
1631172936.722,45.0,12.0
1631172936.776,6.0,26.0
1631172937.021,16.0,18.0
1631172937.144,17.0,58.0
1631172937.415,10.0,21.0
1631172937.525,31.0,21.0
1631172937.616,33.0,55.0
1631172937.914,45.0,17.0
1631172937.976,6.0,55.0
1631172938.168,19.0,32.0
1631172938.41,16.0,31.0
1631172938.603,32.0,36.0
1631172938.82,8.0,33.0
1631172939.037,17.0,25.0
1631172939.102,34.0,47.0
1631172939.336,10.0,14.0
1631172939.5,23.0,6.0
1631172939.782,41.0,13.0
1631172940.069,49.0,43.0
1631172940.36,2.0,4.0
1631172940.622,47.0,48.0
1631172940.868,40.0,4.0
1631172940.978,48.0,44.0
1631172940.991,44.0,13.0
1631172941.183,2.0,33.0
1631172941.282,10.0,4.0
1631172941.355,7.0,58.0
1631172941.413,40.0,47.0
1631172941.429,19.0,15.0
1631172941.708,35.0,42.0
1631172941.912,39.0,25.0
1631172942.187,45.0,21.0
1631172942.273,6.0,23.0
1631172942.564,4.0,9.0
1631172942.809,34.0,49.0
1631172942.977,37.0,47.0
1631172943.088,12.0,17.0
1631172943.195,2.0,57.0
1631172943.448,4.0,3.0
1631172943.694,11.0,5.0
1631172943.899,5.0,27.0
1631172943.944,19.0,48.0
1631172944.186,20.0,38.0
1631172944.362,28.0,41.0
1631172944.464,45.0,19.0
1631172944.595,7.0,40.0
1631172944.796,7.0,24.0
1631172944.952,36.0,24.0
1631172945.189,46.0,41.0
1631172945.218,33.0,34.0
1631172945.386,35.0,30.0
1631172945.497,29.0,50.0
1631172945.538,16.0,19.0
1631172945.751,7.0,29.0
1631172946.009,23.0,32.0
1631172946.091,12.0,55.0
1631172946.275,25.0,52.0
1631172946.447,14.0,25.0
1631172946.512,42.0,28.0
1631172946.631,12.0,18.0
1631172946.865,45.0,3.0
1631172946.98,23.0,5.0
1631172947.098,40.0,18.0
1631172947.148,8.0,2.0
1631172947.254,4.0,4.0
1631172947.369,18.0,4.0
1631172947.594,45.0,43.0
1631172947.688,36.0,58.0
1631172947.795,27.0,57.0
1631172948.081,13.0,56.0
1631172948.167,13.0,19.0
1631172948.344,42.0,24.0
1631172948.417,37.0,26.0
1631172948.704,17.0,34.0
1631172948.712,25.0,26.0
1631172948.72,19.0,14.0
1631172948.888,21.0,6.0
1631172948.974,41.0,9.0
1631172949.187,45.0,53.0
1631172949.294,28.0,8.0
1631172949.572,45.0,38.0
1631172949.593,24.0,50.0
1631172949.855,36.0,31.0
1631172950.097,2.0,27.0
1631172950.244,18.0,33.0
1631172950.412,31.0,43.0
1631172950.67,48.0,52.0
1631172950.855,33.0,54.0
1631172951.043,39.0,7.0
1631172951.305,36.0,31.0
1631172951.543,8.0,14.0
1631172951.739,23.0,1.0
1631172951.977,24.0,32.0
1631172951.985,30.0,11.0
1631172952.014,41.0,25.0
1631172952.251,11.0,43.0
1631172952.407,23.0,29.0
1631172952.632,13.0,29.0
1631172952.714,10.0,5.0
1631172952.792,47.0,50.0
1631172953.026,9.0,55.0
1631172953.12,30.0,27.0
1631172953.374,28.0,55.0
1631172953.48,1.0,16.0
1631172953.657,41.0,43.0
1631172953.775,6.0,20.0
1631172953.898,37.0,47.0
1631172953.915,16.0,48.0
1631172954.054,31.0,45.0
1631172954.209,6.0,31.0
1631172954.332,9.0,44.0
1631172954.435,8.0,26.0
1631172954.705,6.0,26.0
1631172954.828,9.0,49.0
1631172955.053,29.0,44.0
1631172955.172,38.0,20.0
1631172955.447,47.0,3.0
1631172955.475,13.0,11.0
1631172955.684,9.0,12.0
1631172955.717,48.0,57.0
1631172955.721,37.0,26.0
1631172955.991,36.0,46.0
1631172956.249,28.0,19.0
1631172956.471,16.0,37.0
1631172956.671,43.0,12.0
1631172956.729,25.0,0.0
1631172956.761,49.0,33.0
1631172956.999,26.0,54.0
1631172957.278,28.0,49.0
1631172957.433,20.0,35.0
1631172957.675,43.0,19.0
1631172957.794,34.0,21.0
1631172958.007,2.0,58.0
1631172958.056,48.0,30.0
1631172958.199,9.0,59.0
1631172958.478,28.0,17.0
1631172958.691,39.0,7.0
1631172958.76,7.0,36.0
1631172958.822,20.0,32.0
1631172958.892,12.0,51.0
1631172959.076,43.0,30.0
1631172959.191,5.0,40.0
1631172959.338,13.0,44.0
1631172959.346,7.0,17.0
1631172959.354,17.0,15.0
1631172959.514,49.0,59.0
1631172959.694,42.0,27.0
1631172959.785,41.0,9.0
1631172959.834,19.0,41.0
1631172960.002,5.0,37.0
1631172960.268,3.0,2.0
1631172960.37,30.0,29.0
1631172960.456,6.0,27.0
1631172960.596,1.0,12.0
1631172960.69,3.0,35.0
1631172960.731,4.0,20.0
1631172960.915,29.0,52.0
1631172961.054,0.0,5.0
1631172961.095,38.0,36.0
1631172961.329,27.0,22.0
1631172961.452,48.0,18.0
1631172961.57,40.0,9.0
1631172961.751,33.0,1.0
1631172961.939,29.0,54.0
1631172962.111,7.0,25.0
1631172962.382,11.0,9.0
1631172962.562,42.0,34.0
1631172962.574,10.0,4.0
1631172962.873,37.0,32.0
1631172962.889,26.0,26.0
1631172963.004,48.0,13.0
1631172963.115,38.0,6.0
1631172963.127,18.0,27.0
1631172963.262,40.0,45.0
1631172963.504,36.0,44.0
1631172963.651,8.0,1.0
1631172963.827,27.0,37.0
1631172964.049,9.0,5.0
1631172964.188,19.0,55.0
1631172964.463,14.0,51.0
1631172964.647,9.0,55.0
1631172964.766,5.0,59.0
1631172965.04,49.0,6.0
1631172965.089,49.0,31.0
1631172965.269,13.0,24.0
1631172965.441,0.0,46.0
1631172965.556,11.0,51.0
1631172965.843,49.0,28.0
1631172965.937,9.0,39.0
1631172966.126,1.0,10.0
1631172966.363,21.0,2.0
1631172966.367,35.0,41.0
1631172966.421,22.0,7.0
1631172966.515,16.0,49.0
1631172966.715,18.0,43.0
1631172966.933,5.0,28.0
1631172967.014,47.0,2.0
1631172967.1,14.0,20.0
1631172967.215,47.0,14.0
1631172967.457,25.0,17.0
1631172967.641,8.0,41.0
1631172967.649,42.0,0.0
1631172967.899,47.0,36.0
1631172967.948,16.0,19.0
1631172967.989,24.0,9.0
1631172968.227,39.0,3.0
1631172968.452,25.0,1.0
1631172968.489,23.0,15.0
1631172968.551,22.0,25.0
1631172968.759,18.0,48.0
1631172968.809,38.0,45.0
1631172969.05,49.0,46.0
1631172969.116,24.0,39.0
1631172969.37,33.0,35.0
1631172969.501,36.0,29.0
1631172969.517,17.0,39.0
1631172969.804,3.0,14.0
1631172969.87,15.0,6.0
1631172969.923,35.0,38.0
1631172970.205,3.0,36.0
1631172970.455,46.0,12.0
1631172970.631,44.0,12.0
1631172970.914,16.0,24.0
1631172971.103,43.0,32.0
1631172971.127,26.0,41.0
1631172971.348,35.0,42.0
1631172971.455,13.0,18.0
1631172971.484,33.0,15.0
1631172971.533,8.0,48.0
1631172971.59,16.0,53.0
1631172971.627,16.0,29.0
1631172971.742,42.0,1.0
1631172971.885,47.0,1.0
1631172971.955,7.0,7.0
1631172972.065,23.0,31.0
1631172972.364,22.0,13.0
1631172972.471,8.0,28.0
1631172972.684,37.0,35.0
1631172972.942,5.0,8.0
1631172973.122,24.0,34.0
1631172973.245,7.0,38.0
1631172973.269,41.0,13.0
1631172973.433,44.0,12.0
1631172973.634,47.0,43.0
1631172973.732,30.0,25.0
1631172973.88,14.0,46.0
1631172974.146,42.0,6.0
1631172974.212,34.0,39.0
1631172974.507,39.0,7.0
1631172974.736,27.0,36.0
1631172974.752,16.0,16.0
1631172974.871,46.0,48.0
1631172975.092,9.0,50.0
1631172975.178,28.0,18.0
1631172975.416,22.0,13.0
1631172975.539,27.0,5.0
1631172975.654,30.0,29.0
1631172975.768,5.0,20.0
1631172975.928,48.0,54.0
1631172976.002,30.0,8.0
1631172976.006,15.0,7.0
1631172976.284,14.0,44.0
1631172976.465,32.0,8.0
1631172976.579,34.0,56.0
1631172976.723,39.0,59.0
1631172976.772,11.0,31.0
1631172976.788,7.0,51.0
1631172976.94,32.0,55.0
1631172977.009,6.0,9.0
1631172977.063,28.0,51.0
1631172977.104,18.0,3.0
1631172977.165,29.0,55.0
1631172977.456,14.0,52.0
1631172977.751,10.0,9.0
1631172977.771,28.0,48.0
1631172978.054,9.0,31.0
1631172978.263,45.0,42.0
1631172978.333,34.0,16.0
1631172978.41,10.0,0.0
1631172978.529,46.0,47.0
1631172978.783,30.0,38.0
1631172978.853,26.0,59.0
1631172979.008,29.0,26.0
1631172979.119,8.0,44.0
1631172979.328,33.0,25.0
1631172979.377,36.0,41.0
1631172979.549,11.0,0.0
1631172979.668,20.0,59.0
1631172979.672,45.0,3.0
1631172979.701,27.0,17.0
1631172979.992,2.0,6.0
1631172980.266,46.0,29.0
1631172980.483,40.0,56.0
1631172980.635,23.0,44.0
1631172980.868,6.0,10.0
1631172981.069,4.0,7.0
1631172981.126,46.0,9.0
1631172981.343,19.0,19.0
1631172981.483,13.0,47.0
1631172981.671,32.0,2.0
1631172981.913,5.0,38.0
1631172982.052,6.0,56.0
1631172982.29,48.0,49.0
1631172982.306,5.0,17.0
1631172982.503,1.0,34.0
1631172982.789,26.0,25.0
1631172982.855,8.0,14.0
1631172983.06,16.0,5.0
1631172983.252,10.0,9.0
1631172983.383,30.0,40.0
1631172983.482,12.0,26.0
1631172983.572,37.0,16.0
1631172983.711,33.0,49.0
1631172983.981,9.0,56.0
1631172984.17,8.0,19.0
1631172984.325,24.0,0.0
1631172984.481,38.0,17.0
1631172984.616,32.0,39.0
1631172984.883,41.0,24.0
1631172985.165,22.0,40.0
1631172985.333,40.0,24.0
1631172985.604,36.0,46.0
1631172985.673,38.0,12.0
1631172985.964,47.0,51.0
1631172985.972,33.0,9.0
1631172986.218,44.0,50.0
1631172986.398,18.0,21.0
1631172986.668,24.0,58.0
1631172986.73,1.0,10.0
1631172986.89,14.0,13.0
1631172987.148,44.0,0.0
1631172987.242,20.0,21.0
1631172987.406,32.0,41.0
1631172987.508,0.0,5.0
1631172987.607,12.0,41.0
1631172987.697,30.0,19.0
1631172987.922,30.0,25.0
1631172988.004,13.0,45.0
1631172988.2,4.0,27.0
1631172988.491,27.0,11.0
1631172988.774,6.0,48.0
1631172988.852,25.0,53.0
1631172988.901,25.0,41.0
1631172989.077,3.0,8.0
1631172989.11,3.0,35.0
1631172989.331,21.0,59.0
1631172989.347,46.0,17.0
1631172989.352,11.0,20.0
1631172989.606,18.0,49.0
1631172989.876,28.0,14.0
1631172989.962,3.0,42.0
1631172990.212,15.0,24.0
1631172990.314,10.0,38.0
1631172990.449,14.0,47.0
1631172990.58,45.0,3.0
1631172990.585,2.0,9.0
1631172990.871,13.0,31.0
1631172990.978,29.0,6.0
1631172991.129,44.0,18.0
1631172991.367,4.0,58.0
1631172991.621,23.0,0.0
1631172991.736,5.0,53.0
1631172991.834,33.0,44.0
1631172991.936,30.0,1.0
1631172992.17,2.0,49.0
1631172992.371,19.0,57.0
1631172992.608,49.0,19.0
1631172992.649,19.0,32.0
1631172992.858,6.0,8.0
1631172993.014,14.0,33.0
1631172993.198,46.0,6.0
1631172993.325,44.0,4.0
1631172993.337,17.0,19.0
1631172993.509,35.0,34.0
1631172993.513,41.0,20.0
1631172993.522,38.0,0.0
1631172993.616,7.0,31.0
1631172993.747,13.0,31.0
1631172994.009,11.0,59.0
1631172994.017,21.0,48.0
1631172994.238,9.0,4.0
1631172994.271,32.0,37.0
1631172994.328,20.0,12.0
1631172994.538,31.0,59.0
1631172994.705,6.0,53.0
1631172994.894,14.0,51.0
1631172995.189,28.0,25.0
1631172995.394,35.0,57.0
1631172995.455,43.0,34.0
1631172995.664,38.0,15.0
1631172995.783,25.0,4.0
1631172995.943,42.0,49.0
1631172996.065,13.0,4.0
1631172996.143,12.0,53.0
1631172996.217,47.0,33.0
1631172996.377,8.0,50.0
1631172996.614,13.0,40.0
1631172996.672,20.0,55.0
1631172996.922,26.0,3.0
1631172996.995,23.0,34.0
1631172997.003,24.0,46.0
1631172997.27,4.0,35.0
1631172997.511,3.0,6.0
1631172997.7,17.0,46.0
1631172997.991,20.0,40.0
1631172998.261,30.0,49.0
1631172998.556,37.0,58.0
1631172998.802,22.0,42.0
1631172999.039,14.0,48.0
1631172999.273,22.0,7.0
1631172999.334,16.0,59.0
1631172999.514,42.0,20.0
1631172999.625,26.0,45.0
1631172999.748,22.0,5.0
1631172999.83,43.0,12.0
1631173000.096,17.0,40.0
1631173000.121,9.0,50.0
1631173000.317,14.0,28.0
1631173000.375,34.0,45.0
1631173000.633,23.0,18.0
1631173000.678,12.0,46.0
1631173000.797,23.0,3.0
1631173000.854,9.0,51.0
1631173001.055,13.0,59.0
1631173001.165,40.0,4.0
1631173001.354,37.0,5.0
1631173001.452,6.0,50.0
1631173001.497,17.0,19.0
1631173001.534,19.0,44.0
1631173001.649,29.0,16.0
1631173001.69,40.0,21.0
1631173001.743,13.0,7.0
1631173002.013,5.0,55.0
1631173002.288,30.0,27.0
1631173002.415,0.0,49.0
1631173002.456,20.0,54.0
1631173002.693,28.0,20.0
1631173002.939,11.0,51.0
1631173003.127,45.0,10.0
1631173003.328,32.0,42.0
1631173003.336,19.0,7.0
1631173003.373,28.0,6.0
1631173003.611,46.0,11.0
1631173003.758,37.0,0.0
1631173003.898,2.0,36.0
1631173004.131,33.0,18.0
1631173004.324,48.0,25.0
1631173004.45,27.0,48.0
1631173004.651,11.0,13.0
1631173004.659,37.0,45.0
1631173004.729,34.0,48.0
1631173004.901,0.0,7.0
1631173005.016,32.0,39.0
1631173005.04,22.0,35.0
1631173005.298,19.0,47.0
1631173005.581,11.0,50.0
1631173005.737,1.0,46.0
1631173006.007,36.0,13.0
1631173006.089,47.0,13.0
1631173006.261,39.0,50.0
1631173006.277,45.0,54.0
1631173006.4,18.0,12.0
1631173006.421,44.0,29.0
1631173006.425,26.0,5.0
1631173006.65,29.0,44.0
1631173006.745,49.0,47.0
1631173006.826,23.0,30.0
1631173006.839,48.0,56.0
1631173007.117,37.0,5.0
1631173007.22,32.0,47.0
1631173007.465,23.0,2.0
1631173007.719,34.0,31.0
1631173007.92,47.0,58.0
1631173008.014,34.0,6.0
1631173008.031,11.0,38.0
1631173008.231,20.0,28.0
1631173008.28,13.0,43.0
1631173008.514,17.0,43.0
1631173008.522,12.0,52.0
1631173008.694,10.0,48.0
1631173008.969,19.0,35.0
1631173009.034,40.0,42.0
1631173009.173,23.0,49.0
1631173009.37,29.0,34.0
1631173009.378,14.0,47.0
1631173009.567,31.0,8.0
1631173009.64,18.0,40.0
1631173009.862,39.0,27.0
1631173010.042,15.0,14.0
1631173010.058,6.0,14.0
1631173010.263,12.0,18.0
1631173010.321,4.0,27.0
1631173010.476,16.0,53.0
1631173010.742,16.0,43.0
1631173010.751,31.0,41.0
1631173010.837,41.0,58.0
1631173010.996,35.0,18.0
1631173011.07,31.0,13.0
1631173011.34,22.0,8.0
1631173011.508,14.0,0.0
1631173011.603,36.0,1.0
1631173011.66,40.0,15.0
1631173011.713,3.0,12.0
1631173011.779,29.0,24.0
1631173012.0,12.0,39.0
1631173012.233,3.0,10.0
1631173012.438,27.0,29.0
1631173012.537,16.0,40.0
1631173012.725,22.0,9.0
1631173012.885,46.0,10.0
1631173012.913,9.0,51.0
1631173013.139,35.0,47.0
1631173013.147,45.0,29.0
1631173013.286,3.0,5.0
1631173013.299,22.0,22.0
1631173013.536,41.0,35.0
1631173013.618,48.0,22.0
1631173013.802,34.0,49.0
1631173014.069,13.0,37.0
1631173014.257,36.0,40.0
1631173014.429,35.0,39.0
1631173014.519,49.0,18.0
1631173014.72,1.0,26.0
1631173014.982,2.0,56.0
1631173015.101,24.0,44.0
1631173015.109,2.0,9.0
1631173015.183,15.0,19.0
1631173015.465,34.0,5.0
1631173015.76,34.0,14.0
1631173015.789,2.0,5.0
1631173015.797,13.0,11.0
1631173015.859,27.0,14.0
1631173016.051,31.0,11.0
1631173016.096,48.0,57.0
1631173016.195,39.0,38.0
1631173016.485,45.0,55.0
1631173016.657,49.0,0.0
1631173016.944,2.0,1.0
1631173017.071,16.0,26.0
1631173017.092,21.0,48.0
1631173017.264,45.0,12.0
1631173017.329,0.0,27.0
1631173017.448,8.0,49.0
1631173017.538,19.0,46.0
1631173017.546,29.0,30.0
1631173017.825,23.0,10.0
1631173018.079,18.0,52.0
1631173018.153,5.0,50.0
1631173018.259,47.0,32.0
1631173018.316,13.0,36.0
1631173018.615,45.0,59.0
1631173018.661,33.0,18.0
1631173018.718,21.0,16.0
1631173018.845,34.0,26.0
1631173019.123,20.0,0.0
1631173019.361,41.0,49.0
1631173019.554,20.0,5.0
1631173019.82,44.0,33.0
1631173020.094,30.0,11.0
1631173020.197,10.0,1.0
1631173020.434,5.0,23.0
1631173020.586,19.0,33.0
1631173020.86,14.0,58.0
1631173021.053,5.0,47.0
1631173021.339,11.0,31.0
1631173021.38,12.0,34.0
1631173021.495,6.0,49.0
1631173021.684,45.0,6.0
1631173021.725,20.0,5.0
1631173021.802,28.0,44.0
1631173021.872,1.0,29.0
1631173022.044,8.0,53.0
1631173022.319,12.0,49.0
1631173022.54,8.0,42.0
1631173022.683,43.0,42.0
1631173022.888,39.0,15.0
1631173023.167,49.0,40.0
1631173023.355,38.0,42.0
1631173023.437,43.0,15.0
1631173023.58,3.0,8.0
1631173023.613,12.0,54.0
1631173023.785,5.0,1.0
1631173023.871,20.0,46.0
1631173023.945,19.0,21.0
1631173024.047,22.0,59.0
1631173024.24,37.0,6.0
1631173024.404,43.0,0.0
1631173024.633,49.0,16.0
1631173024.748,29.0,44.0
1631173024.784,46.0,12.0
1631173024.879,32.0,6.0
1631173025.165,35.0,3.0
1631173025.28,21.0,26.0
1631173025.403,47.0,35.0
1631173025.432,28.0,7.0
1631173025.702,44.0,47.0
1631173025.903,34.0,22.0
1631173026.046,16.0,5.0
1631173026.112,24.0,14.0
1631173026.23,36.0,30.0
1631173026.39,34.0,5.0
1631173026.599,20.0,38.0
1631173026.644,47.0,17.0
1631173026.8,22.0,52.0
1631173026.968,34.0,33.0
1631173027.087,4.0,13.0
1631173027.132,3.0,11.0
1631173027.283,43.0,39.0
1631173027.398,25.0,42.0
1631173027.529,19.0,18.0
1631173027.754,4.0,3.0
1631173028.017,43.0,12.0
1631173028.258,48.0,23.0
1631173028.348,14.0,1.0
1631173028.492,26.0,57.0
1631173028.664,25.0,4.0
1631173028.885,23.0,21.0
1631173029.012,24.0,13.0
1631173029.045,29.0,45.0
1631173029.086,35.0,4.0
1631173029.27,11.0,44.0
1631173029.393,40.0,30.0
1631173029.479,39.0,21.0
1631173029.61,42.0,58.0
1631173029.733,13.0,37.0
1631173029.745,22.0,45.0
1631173029.876,44.0,6.0
1631173030.134,2.0,24.0
1631173030.278,23.0,44.0
1631173030.45,49.0,22.0
1631173030.474,23.0,57.0
1631173030.622,23.0,54.0
1631173030.814,25.0,21.0
1631173030.822,42.0,49.0
1631173030.953,21.0,19.0
1631173030.986,47.0,52.0
1631173030.999,1.0,3.0
1631173031.154,47.0,52.0
1631173031.404,47.0,50.0
1631173031.593,1.0,21.0
1631173031.859,23.0,26.0
1631173031.92,3.0,13.0
1631173031.957,42.0,9.0
1631173031.969,44.0,41.0
1631173032.158,47.0,35.0
1631173032.375,47.0,32.0
1631173032.445,34.0,1.0
1631173032.719,10.0,34.0
1631173032.752,36.0,19.0
1631173032.801,42.0,26.0
1631173032.875,48.0,10.0
1631173032.92,0.0,44.0
1631173033.133,19.0,5.0
1631173033.338,9.0,17.0
1631173033.403,44.0,16.0
1631173033.44,1.0,19.0
1631173033.678,17.0,39.0
1631173033.751,39.0,10.0
1631173033.997,16.0,24.0
1631173034.063,21.0,29.0
1631173034.181,28.0,53.0
1631173034.337,1.0,42.0
1631173034.468,0.0,57.0
1631173034.722,2.0,31.0
1631173034.906,33.0,27.0
1631173034.943,9.0,57.0
1631173035.16,42.0,31.0
1631173035.25,33.0,2.0
1631173035.263,24.0,40.0
1631173035.283,12.0,25.0
1631173035.574,32.0,24.0
1631173035.738,18.0,12.0
1631173035.873,15.0,37.0
1631173036.094,42.0,46.0
1631173036.152,9.0,47.0
1631173036.27,49.0,56.0
1631173036.52,11.0,0.0
1631173036.561,48.0,23.0
1631173036.77,2.0,8.0
1631173036.959,12.0,38.0
1631173037.016,5.0,42.0
1631173037.204,25.0,50.0
1631173037.385,16.0,29.0
1631173037.463,32.0,38.0
1631173037.704,47.0,49.0
1631173037.884,42.0,50.0
1631173038.016,42.0,21.0
1631173038.028,24.0,5.0
1631173038.233,40.0,54.0
1631173038.405,26.0,14.0
1631173038.638,25.0,23.0
1631173038.708,0.0,57.0
1631173038.9,35.0,39.0
1631173039.011,38.0,53.0
1631173039.031,25.0,27.0
1631173039.281,29.0,59.0
1631173039.478,11.0,44.0
1631173039.666,41.0,5.0
1631173039.859,5.0,31.0
1631173040.043,18.0,16.0
1631173040.273,49.0,4.0
1631173040.494,49.0,0.0
1631173040.67,33.0,33.0
1631173040.826,39.0,22.0
1631173041.12,2.0,2.0
1631173041.321,2.0,13.0
1631173041.6,40.0,44.0
1631173041.69,26.0,48.0
1631173041.891,47.0,5.0
1631173042.042,25.0,55.0
1631173042.333,34.0,37.0
1631173042.562,28.0,6.0
1631173042.583,6.0,34.0
1631173042.689,35.0,35.0
1631173042.718,9.0,23.0
1631173043.017,10.0,49.0
1631173043.128,5.0,33.0
1631173043.165,14.0,41.0
1631173043.361,37.0,16.0
1631173043.546,39.0,43.0
1631173043.734,21.0,40.0
1631173043.947,32.0,45.0
1631173044.09,24.0,2.0
1631173044.303,18.0,0.0
1631173044.549,32.0,8.0
1631173044.684,40.0,55.0
1631173044.869,32.0,0.0
1631173044.889,32.0,30.0
1631173045.082,28.0,36.0
1631173045.381,44.0,11.0
1631173045.569,49.0,43.0
1631173045.844,14.0,31.0
1631173045.975,18.0,53.0
1631173046.028,13.0,17.0
1631173046.143,46.0,45.0
1631173046.216,27.0,13.0
1631173046.224,10.0,34.0
1631173046.278,46.0,56.0
1631173046.466,12.0,56.0
1631173046.532,44.0,42.0
1631173046.552,28.0,6.0
1631173046.646,17.0,59.0
1631173046.741,42.0,9.0
1631173047.003,26.0,24.0
1631173047.244,46.0,53.0
1631173047.433,5.0,19.0
1631173047.625,43.0,53.0
1631173047.908,33.0,29.0
1631173048.064,14.0,15.0
1631173048.326,24.0,56.0
1631173048.531,12.0,9.0
1631173048.563,42.0,4.0
1631173048.846,11.0,55.0
1631173048.924,17.0,2.0
1631173048.948,8.0,12.0
1631173048.977,34.0,47.0
1631173049.104,14.0,50.0
1631173049.362,37.0,16.0
1631173049.604,3.0,7.0
1631173049.862,30.0,22.0
1631173050.063,29.0,22.0
1631173050.104,20.0,57.0
1631173050.345,35.0,59.0
1631173050.575,11.0,9.0
1631173050.82,26.0,15.0
1631173050.866,19.0,52.0
1631173050.919,33.0,59.0
1631173051.144,46.0,7.0
1631173051.419,18.0,34.0
1631173051.48,47.0,6.0
1631173051.619,21.0,44.0
1631173051.832,34.0,56.0
1631173052.029,14.0,33.0
1631173052.082,27.0,41.0
1631173052.336,32.0,45.0
1631173052.385,6.0,47.0
1631173052.48,39.0,25.0
1631173052.484,27.0,3.0
1631173052.652,42.0,5.0
1631173052.717,27.0,54.0
1631173052.811,11.0,52.0
1631173053.049,8.0,26.0
1631173053.057,44.0,27.0
1631173053.225,37.0,12.0
1631173053.299,18.0,14.0
1631173053.377,22.0,31.0
1631173053.545,9.0,29.0
1631173053.585,24.0,56.0
1631173053.631,39.0,43.0
1631173053.77,42.0,59.0
1631173054.044,48.0,32.0
1631173054.184,16.0,22.0
1631173054.347,4.0,38.0
1631173054.606,38.0,7.0
1631173054.855,27.0,32.0
1631173055.089,16.0,48.0
1631173055.203,46.0,18.0
1631173055.257,22.0,53.0
1631173055.339,15.0,14.0
1631173055.404,8.0,7.0
1631173055.478,4.0,15.0
1631173055.486,33.0,15.0
1631173055.494,45.0,49.0
1631173055.527,40.0,19.0
1631173055.593,2.0,37.0
1631173055.88,21.0,34.0
1631173055.937,6.0,15.0
1631173056.187,12.0,8.0
1631173056.224,29.0,12.0
1631173056.322,22.0,17.0
1631173056.477,30.0,43.0
1631173056.482,17.0,1.0
1631173056.559,26.0,42.0
1631173056.76,0.0,24.0
1631173056.953,27.0,19.0
1631173057.006,38.0,45.0
1631173057.03,34.0,30.0
1631173057.063,23.0,51.0
1631173057.215,19.0,49.0
1631173057.428,45.0,53.0
1631173057.67,29.0,47.0
1631173057.772,44.0,32.0
1631173058.014,29.0,53.0
1631173058.272,16.0,41.0
1631173058.292,24.0,36.0
1631173058.558,48.0,3.0
1631173058.821,25.0,24.0
1631173059.087,21.0,23.0
1631173059.21,48.0,14.0
1631173059.312,49.0,16.0
1631173059.39,3.0,14.0
1631173059.456,29.0,32.0
1631173059.648,42.0,52.0
1631173059.939,8.0,39.0
1631173060.181,3.0,47.0
1631173060.467,39.0,6.0
1631173060.619,26.0,30.0
1631173060.779,24.0,37.0
1631173060.852,33.0,24.0
1631173060.992,24.0,49.0
1631173061.205,35.0,22.0
1631173061.442,6.0,11.0
1631173061.516,38.0,8.0
1631173061.594,45.0,50.0
1631173061.766,6.0,35.0
1631173061.77,2.0,25.0
1631173061.807,42.0,39.0
1631173062.065,21.0,28.0
1631173062.151,39.0,29.0
1631173062.204,6.0,57.0
1631173062.446,18.0,26.0
1631173062.724,18.0,6.0
1631173063.023,39.0,16.0
1631173063.228,14.0,16.0
1631173063.351,18.0,49.0
1631173063.593,37.0,53.0
1631173063.879,36.0,35.0
1631173064.129,7.0,42.0
1631173064.203,30.0,6.0
1631173064.396,27.0,57.0
1631173064.555,49.0,42.0
1631173064.777,45.0,19.0
1631173064.793,15.0,44.0
1631173064.863,5.0,34.0
1631173065.027,11.0,30.0
1631173065.26,25.0,4.0
1631173065.317,28.0,58.0
1631173065.551,6.0,59.0
1631173065.833,7.0,44.0
1631173066.059,16.0,56.0
1631173066.223,44.0,41.0
1631173066.407,9.0,59.0
1631173066.587,13.0,27.0
1631173066.62,41.0,3.0
1631173066.763,38.0,15.0
1631173067.034,48.0,24.0
1631173067.32,15.0,54.0
1631173067.517,33.0,14.0
1631173067.64,25.0,14.0
1631173067.685,4.0,10.0
1631173067.824,34.0,40.0
1631173068.074,17.0,6.0
1631173068.267,18.0,34.0
1631173068.365,10.0,57.0
1631173068.643,26.0,16.0
1631173068.762,26.0,35.0
1631173068.779,19.0,3.0
1631173068.844,0.0,6.0
1631173068.955,21.0,59.0
1631173069.025,27.0,11.0
1631173069.082,42.0,36.0
1631173069.156,40.0,2.0
1631173069.221,21.0,38.0
1631173069.397,46.0,41.0
1631173069.459,29.0,39.0
1631173069.516,24.0,36.0
1631173069.541,38.0,59.0
1631173069.639,2.0,6.0
1631173069.819,49.0,26.0
1631173070.004,9.0,45.0
1631173070.098,15.0,26.0
1631173070.266,28.0,4.0
1631173070.479,26.0,35.0
1631173070.561,43.0,30.0
1631173070.638,40.0,54.0
1631173070.786,35.0,23.0
1631173071.007,2.0,51.0
1631173071.064,8.0,19.0
1631173071.294,28.0,42.0
1631173071.536,0.0,56.0
1631173071.613,38.0,11.0
1631173071.9,13.0,12.0
1631173071.937,16.0,48.0
1631173072.105,14.0,12.0
1631173072.15,18.0,58.0
1631173072.162,31.0,37.0
1631173072.289,2.0,25.0
1631173072.51,13.0,51.0
1631173072.662,27.0,5.0
1631173072.764,22.0,10.0
1631173072.773,41.0,43.0
1631173073.027,40.0,36.0
1631173073.039,26.0,45.0
1631173073.092,46.0,20.0
1631173073.1,40.0,52.0
1631173073.244,7.0,57.0
1631173073.28,32.0,2.0
1631173073.285,22.0,14.0
1631173073.322,44.0,55.0
1631173073.432,14.0,14.0
1631173073.547,48.0,27.0
1631173073.641,25.0,0.0
1631173073.719,11.0,29.0
1631173073.891,16.0,37.0
1631173074.01,42.0,1.0
1631173074.178,12.0,21.0
1631173074.19,24.0,6.0
1631173074.362,49.0,26.0
1631173074.563,32.0,18.0
1631173074.649,25.0,56.0
1631173074.886,0.0,59.0
1631173075.03,48.0,13.0
1631173075.054,10.0,45.0
1631173075.304,27.0,32.0
1631173075.439,43.0,53.0
1631173075.693,7.0,8.0
1631173075.918,25.0,30.0
1631173075.943,0.0,20.0
1631173076.095,9.0,23.0
1631173076.324,47.0,18.0
1631173076.57,40.0,42.0
1631173076.762,42.0,0.0
1631173076.836,2.0,47.0
1631173076.893,9.0,8.0
1631173077.024,0.0,8.0
1631173077.131,39.0,52.0
1631173077.18,21.0,52.0
1631173077.254,34.0,4.0
1631173077.545,6.0,25.0
1631173077.68,18.0,40.0
1631173077.721,34.0,51.0
1631173077.881,17.0,47.0
1631173077.975,30.0,17.0
1631173078.274,4.0,5.0
1631173078.282,35.0,56.0
1631173078.47,3.0,28.0
1631173078.495,48.0,55.0
1631173078.786,39.0,43.0
1631173078.79,40.0,33.0
1631173078.93,36.0,11.0
1631173078.999,37.0,25.0
1631173079.081,43.0,47.0
1631173079.314,11.0,10.0
1631173079.351,7.0,28.0
1631173079.638,47.0,4.0
1631173079.744,11.0,0.0
1631173079.888,35.0,50.0
1631173080.101,33.0,26.0
1631173080.351,48.0,59.0
1631173080.609,27.0,12.0
1631173080.887,16.0,41.0
1631173080.99,33.0,11.0
1631173080.994,49.0,53.0
1631173081.043,10.0,45.0
1631173081.195,5.0,15.0
1631173081.215,4.0,31.0
1631173081.268,16.0,37.0
1631173081.563,21.0,11.0
1631173081.645,26.0,23.0
1631173081.727,2.0,44.0
1631173081.846,2.0,25.0
1631173081.944,20.0,48.0
1631173082.051,21.0,57.0
1631173082.329,16.0,42.0
1631173082.358,7.0,3.0
1631173082.632,47.0,11.0
1631173082.817,37.0,52.0
1631173082.837,35.0,38.0
1631173082.981,5.0,20.0
1631173083.005,19.0,38.0
1631173083.14,47.0,15.0
1631173083.341,1.0,53.0
1631173083.505,2.0,29.0
1631173083.542,2.0,14.0
1631173083.734,19.0,34.0
1631173083.837,40.0,54.0
1631173083.857,0.0,29.0
1631173083.972,39.0,29.0
1631173084.091,7.0,37.0
1631173084.263,18.0,44.0
1631173084.562,16.0,47.0
1631173084.59,9.0,57.0
1631173084.656,37.0,39.0
1631173084.906,10.0,26.0
1631173085.123,32.0,4.0
1631173085.336,3.0,26.0
1631173085.631,5.0,27.0
1631173085.639,46.0,47.0
1631173085.795,14.0,58.0
1631173085.958,0.0,27.0
1631173086.257,14.0,40.0
1631173086.544,15.0,8.0
1631173086.778,0.0,15.0
1631173086.86,40.0,38.0
1631173087.134,6.0,58.0
1631173087.151,13.0,30.0
1631173087.323,39.0,51.0
1631173087.376,15.0,16.0
1631173087.495,29.0,20.0
1631173087.753,2.0,7.0
1631173087.761,45.0,21.0
1631173087.81,8.0,49.0
1631173087.863,37.0,53.0
1631173088.068,14.0,15.0
1631173088.166,11.0,5.0
1631173088.449,36.0,14.0
1631173088.687,6.0,17.0
1631173088.986,27.0,37.0
1631173089.211,48.0,16.0
1631173089.26,12.0,6.0
1631173089.379,1.0,37.0
1631173089.653,7.0,23.0
1631173089.805,1.0,53.0
1631173089.932,15.0,7.0
1631173090.083,33.0,25.0
1631173090.378,26.0,44.0
1631173090.657,22.0,20.0
1631173090.907,37.0,46.0
1631173091.03,49.0,5.0
1631173091.267,45.0,46.0
1631173091.386,43.0,2.0
1631173091.57,22.0,39.0
1631173091.816,16.0,36.0
1631173092.021,7.0,57.0
1631173092.107,33.0,54.0
1631173092.242,6.0,42.0
1631173092.496,45.0,18.0
1631173092.693,22.0,47.0
1631173092.791,48.0,10.0
1631173092.906,3.0,42.0
1631173093.021,22.0,14.0
1631173093.119,23.0,13.0
1631173093.127,36.0,1.0
1631173093.262,4.0,39.0
1631173093.377,8.0,14.0
1631173093.57,21.0,51.0
1631173093.737,48.0,8.0
1631173093.754,2.0,54.0
1631173093.762,39.0,15.0
1631173093.955,20.0,48.0
1631173093.995,3.0,48.0
1631173094.036,16.0,5.0
1631173094.086,4.0,8.0
1631173094.172,35.0,30.0
1631173094.266,14.0,29.0
1631173094.508,48.0,50.0
1631173094.639,40.0,6.0
1631173094.651,25.0,44.0
1631173094.712,18.0,0.0
1631173094.946,39.0,38.0
1631173095.02,39.0,31.0
1631173095.245,41.0,54.0
1631173095.368,24.0,45.0
1631173095.413,44.0,29.0
1631173095.474,38.0,34.0
1631173095.482,15.0,22.0
1631173095.605,47.0,11.0
1631173095.622,13.0,58.0
1631173095.777,5.0,31.0
1631173096.056,42.0,25.0
1631173096.265,41.0,56.0
1631173096.494,47.0,13.0
1631173096.752,32.0,42.0
1631173096.928,48.0,34.0
1631173097.187,41.0,57.0
1631173097.477,8.0,56.0
1631173097.514,27.0,56.0
1631173097.727,19.0,53.0
1631173097.817,44.0,6.0
1631173097.936,32.0,27.0
1631173098.19,40.0,42.0
1631173098.223,17.0,11.0
1631173098.456,47.0,28.0
1631173098.686,10.0,29.0
1631173098.719,11.0,33.0
1631173098.768,23.0,27.0
1631173098.833,11.0,40.0
1631173098.862,46.0,49.0
1631173099.038,14.0,5.0
1631173099.308,33.0,47.0
1631173099.443,41.0,32.0
1631173099.501,7.0,45.0
1631173099.698,11.0,35.0
1631173099.796,31.0,57.0
1631173100.087,49.0,33.0
1631173100.361,18.0,41.0
1631173100.656,13.0,26.0
1631173100.754,34.0,40.0
1631173100.787,38.0,35.0
1631173100.795,5.0,41.0
1631173100.984,28.0,15.0
1631173101.148,14.0,58.0
1631173101.279,11.0,36.0
1631173101.287,15.0,8.0
1631173101.34,45.0,8.0
1631173101.582,27.0,1.0
1631173101.672,38.0,21.0
1631173101.959,5.0,4.0
1631173102.094,21.0,51.0
1631173102.315,12.0,9.0
1631173102.43,29.0,59.0
1631173102.495,3.0,45.0
1631173102.712,15.0,6.0
1631173102.782,37.0,49.0
1631173102.917,16.0,3.0
1631173103.036,45.0,48.0
1631173103.122,2.0,58.0
1631173103.142,39.0,5.0
1631173103.31,33.0,7.0
1631173103.585,7.0,2.0
1631173103.765,7.0,56.0
1631173103.835,48.0,56.0
1631173103.855,38.0,24.0
1631173104.122,35.0,14.0
1631173104.33,46.0,9.0
1631173104.408,39.0,53.0
1631173104.441,14.0,42.0
1631173104.453,37.0,25.0
1631173104.683,38.0,21.0
1631173104.765,3.0,25.0
1631173104.867,42.0,46.0
1631173104.883,47.0,28.0
1631173105.08,23.0,7.0
1631173105.244,45.0,0.0
1631173105.351,21.0,0.0
1631173105.436,46.0,16.0
1631173105.563,20.0,11.0
1631173105.678,22.0,59.0
1631173105.707,40.0,25.0
1631173105.83,42.0,40.0
1631173106.121,32.0,48.0
1631173106.194,34.0,38.0
1631173106.35,12.0,51.0
1631173106.534,34.0,21.0
1631173106.604,4.0,48.0
1631173106.776,30.0,32.0
1631173106.792,9.0,42.0
1631173106.805,40.0,21.0
1631173106.944,40.0,27.0
1631173107.026,26.0,59.0
1631173107.218,3.0,19.0
1631173107.493,46.0,27.0
1631173107.562,18.0,27.0
1631173107.771,21.0,49.0
1631173107.792,20.0,57.0
1631173107.939,4.0,18.0
1631173108.005,47.0,49.0
1631173108.185,37.0,23.0
1631173108.214,1.0,6.0
1631173108.333,15.0,25.0
1631173108.423,43.0,6.0
1631173108.537,25.0,59.0
1631173108.828,14.0,46.0
1631173109.103,0.0,28.0
1631173109.393,22.0,39.0
1631173109.451,22.0,48.0
1631173109.553,48.0,45.0
1631173109.717,23.0,46.0
1631173109.926,2.0,30.0
1631173110.024,3.0,37.0
1631173110.266,34.0,0.0
1631173110.545,8.0,36.0
1631173110.823,23.0,8.0
1631173111.061,32.0,57.0
1631173111.351,31.0,23.0
1631173111.622,9.0,48.0
1631173111.671,43.0,38.0
1631173111.941,17.0,40.0
1631173111.995,26.0,22.0
1631173112.003,41.0,54.0
1631173112.195,39.0,12.0
1631173112.22,1.0,35.0
1631173112.498,17.0,4.0
1631173112.761,7.0,16.0
1631173113.015,19.0,34.0
1631173113.269,42.0,46.0
1631173113.486,40.0,50.0
1631173113.682,18.0,4.0
1631173113.699,11.0,54.0
1631173113.838,15.0,36.0
1631173114.137,5.0,55.0
1631173114.403,15.0,20.0
1631173114.542,6.0,46.0
1631173114.739,14.0,15.0
1631173114.78,45.0,37.0
1631173114.878,29.0,50.0
1631173115.079,40.0,22.0
1631173115.186,3.0,33.0
1631173115.313,5.0,33.0
1631173115.608,3.0,52.0
1631173115.661,35.0,43.0
1631173115.931,45.0,1.0
1631173115.972,40.0,35.0
1631173115.98,32.0,44.0
1631173115.988,40.0,25.0
1631173116.152,41.0,17.0
1631173116.365,34.0,16.0
1631173116.595,20.0,12.0
1631173116.627,19.0,15.0
1631173116.652,26.0,9.0
1631173116.697,10.0,56.0
1631173116.914,34.0,8.0
1631173117.127,42.0,33.0
1631173117.234,8.0,19.0
1631173117.369,24.0,37.0
1631173117.459,32.0,1.0
1631173117.627,10.0,3.0
1631173117.869,14.0,47.0
1631173118.073,7.0,10.0
1631173118.36,2.0,38.0
1631173118.487,13.0,5.0
1631173118.778,24.0,5.0
1631173119.065,37.0,46.0
1631173119.147,18.0,50.0
1631173119.204,48.0,0.0
1631173119.503,39.0,55.0
1631173119.728,1.0,41.0
1631173119.97,6.0,19.0
1631173120.064,38.0,22.0
1631173120.13,30.0,49.0
1631173120.158,5.0,54.0
1631173120.216,43.0,20.0
1631173120.359,47.0,17.0
1631173120.388,45.0,15.0
1631173120.589,35.0,49.0
1631173120.855,26.0,8.0
1631173121.056,45.0,10.0
1631173121.224,21.0,2.0
1631173121.359,19.0,34.0
1631173121.432,47.0,5.0
1631173121.449,40.0,36.0
1631173121.629,33.0,27.0
1631173121.785,49.0,37.0
1631173121.793,2.0,6.0
1631173121.899,4.0,39.0
1631173122.125,3.0,37.0
1631173122.309,30.0,18.0
1631173122.489,6.0,34.0
1631173122.575,1.0,0.0
1631173122.641,26.0,48.0
1631173122.694,1.0,8.0
1631173122.764,31.0,46.0
1631173123.014,27.0,53.0
1631173123.288,29.0,56.0
1631173123.456,43.0,37.0
1631173123.481,18.0,33.0
1631173123.567,13.0,8.0
1631173123.665,34.0,27.0
1631173123.804,22.0,26.0
1631173123.812,10.0,36.0
1631173123.898,16.0,24.0
1631173124.062,3.0,41.0
1631173124.181,23.0,29.0
1631173124.41,7.0,1.0
1631173124.517,8.0,41.0
1631173124.619,27.0,52.0
1631173124.898,19.0,44.0
1631173125.041,21.0,33.0
1631173125.111,39.0,54.0
1631173125.361,11.0,25.0
1631173125.602,22.0,21.0
1631173125.77,20.0,59.0
1631173125.852,28.0,36.0
1631173125.856,3.0,36.0
1631173125.865,29.0,12.0
1631173125.979,28.0,19.0
1631173126.147,43.0,26.0
1631173126.352,31.0,7.0
1631173126.385,33.0,30.0
1631173126.573,8.0,39.0
1631173126.754,22.0,40.0
1631173126.991,7.0,45.0
1631173127.11,11.0,54.0
1631173127.343,39.0,48.0
1631173127.569,20.0,0.0
1631173127.7,46.0,43.0
1631173127.716,16.0,43.0
1631173127.847,19.0,3.0
1631173128.109,44.0,57.0
1631173128.2,42.0,16.0
1631173128.294,8.0,27.0
1631173128.56,32.0,41.0
1631173128.818,32.0,4.0
1631173128.859,1.0,36.0
1631173129.06,22.0,52.0
1631173129.252,21.0,7.0
1631173129.342,43.0,53.0
1631173129.625,26.0,39.0
1631173129.85,7.0,29.0
1631173130.039,3.0,25.0
1631173130.194,11.0,59.0
1631173130.444,10.0,17.0
1631173130.502,19.0,39.0
1631173130.694,7.0,38.0
1631173130.932,28.0,34.0
1631173131.096,7.0,39.0
1631173131.178,6.0,24.0
1631173131.305,24.0,2.0
1631173131.395,1.0,9.0
1631173131.489,44.0,1.0
1631173131.624,49.0,6.0
1631173131.911,24.0,17.0
1631173132.136,30.0,25.0
1631173132.165,2.0,39.0
1631173132.251,11.0,40.0
1631173132.542,49.0,8.0
1631173132.681,36.0,1.0
1631173132.791,49.0,33.0
1631173132.898,29.0,44.0
1631173132.943,35.0,22.0
1631173133.189,41.0,25.0
1631173133.349,47.0,4.0
1631173133.463,14.0,43.0
1631173133.553,32.0,16.0
1631173133.766,45.0,48.0
1631173133.795,34.0,23.0
1631173133.943,26.0,2.0
1631173134.033,44.0,46.0
1631173134.123,37.0,2.0
1631173134.397,28.0,1.0
1631173134.471,36.0,19.0
1631173134.553,42.0,49.0
1631173134.655,35.0,43.0
1631173134.672,41.0,45.0
1631173134.934,3.0,26.0
1631173135.163,31.0,24.0
1631173135.274,35.0,42.0
1631173135.36,41.0,9.0
1631173135.655,38.0,24.0
1631173135.835,26.0,39.0
1631173136.114,2.0,8.0
1631173136.15,48.0,10.0
1631173136.331,29.0,32.0
1631173136.56,35.0,45.0
1631173136.794,30.0,14.0
1631173136.925,48.0,37.0
1631173137.191,34.0,14.0
1631173137.441,29.0,42.0
1631173137.613,30.0,45.0
1631173137.814,41.0,46.0
1631173137.83,40.0,8.0
1631173137.953,25.0,59.0
1631173138.104,17.0,20.0
1631173138.35,32.0,6.0
1631173138.461,24.0,5.0
1631173138.502,5.0,2.0
1631173138.526,5.0,14.0
1631173138.817,19.0,48.0
1631173138.907,22.0,20.0
1631173139.03,11.0,16.0
1631173139.284,6.0,19.0
1631173139.427,35.0,34.0
1631173139.673,12.0,13.0
1631173139.845,45.0,22.0
1631173139.87,5.0,19.0
1631173140.128,6.0,16.0
1631173140.14,34.0,16.0
1631173140.431,23.0,22.0
1631173140.439,24.0,59.0
1631173140.656,18.0,23.0
1631173140.931,26.0,7.0
1631173141.119,8.0,38.0
1631173141.16,0.0,35.0
1631173141.41,30.0,48.0
1631173141.562,6.0,48.0
1631173141.668,36.0,2.0
1631173141.861,4.0,4.0
1631173142.127,0.0,15.0
1631173142.401,34.0,21.0
1631173142.684,10.0,51.0
1631173142.762,44.0,0.0
1631173142.917,13.0,8.0
1631173143.065,22.0,12.0
1631173143.274,34.0,55.0
1631173143.434,3.0,51.0
1631173143.622,31.0,28.0
1631173143.913,17.0,3.0
1631173144.163,16.0,23.0
1631173144.265,22.0,6.0
1631173144.421,4.0,57.0
1631173144.462,4.0,12.0
1631173144.523,40.0,1.0
1631173144.679,40.0,13.0
1631173144.871,39.0,18.0
1631173145.125,34.0,43.0
1631173145.15,18.0,56.0
1631173145.248,38.0,2.0
1631173145.351,5.0,48.0
1631173145.592,43.0,43.0
1631173145.695,38.0,31.0
1631173145.715,7.0,28.0
1631173145.969,26.0,33.0
1631173146.236,19.0,59.0
1631173146.379,4.0,47.0
1631173146.436,7.0,30.0
1631173146.494,37.0,30.0
1631173146.563,3.0,16.0
1631173146.813,22.0,57.0
1631173146.842,28.0,21.0
1631173146.854,31.0,58.0
1631173146.997,26.0,48.0
1631173147.153,20.0,47.0
1631173147.19,47.0,3.0
1631173147.448,49.0,28.0
1631173147.669,47.0,13.0
1631173147.743,0.0,4.0
1631173147.854,0.0,3.0
1631173147.882,43.0,28.0
1631173148.169,10.0,27.0
1631173148.411,34.0,1.0
1631173148.62,30.0,42.0
1631173148.763,31.0,42.0
1631173148.837,21.0,16.0
1631173148.865,26.0,55.0
1631173149.111,11.0,32.0
1631173149.316,15.0,5.0
1631173149.5,27.0,18.0
1631173149.508,14.0,42.0
1631173149.541,4.0,55.0
1631173149.713,14.0,35.0
1631173149.787,36.0,18.0
1631173149.979,49.0,41.0
1631173150.057,41.0,36.0
1631173150.324,25.0,22.0
1631173150.344,8.0,50.0
1631173150.487,14.0,26.0
1631173150.602,33.0,31.0
1631173150.889,19.0,11.0
1631173151.098,21.0,30.0
1631173151.27,7.0,45.0
1631173151.311,31.0,41.0
1631173151.454,39.0,34.0
1631173151.581,17.0,59.0
1631173151.72,30.0,14.0
1631173151.954,31.0,4.0
1631173151.983,0.0,44.0
1631173152.245,31.0,41.0
1631173152.343,29.0,21.0
1631173152.404,46.0,47.0
1631173152.613,19.0,5.0
1631173152.724,20.0,30.0
1631173152.794,32.0,7.0
1631173152.99,3.0,51.0
1631173153.191,49.0,9.0
1631173153.404,27.0,40.0
1631173153.527,27.0,59.0
1631173153.633,31.0,41.0
1631173153.646,17.0,16.0
1631173153.715,31.0,42.0
1631173153.855,22.0,39.0
1631173154.027,31.0,56.0
1631173154.186,13.0,52.0
1631173154.256,38.0,17.0
1631173154.547,27.0,55.0
1631173154.789,7.0,47.0
1631173155.071,49.0,26.0
1631173155.301,42.0,46.0
1631173155.501,26.0,33.0
1631173155.559,49.0,26.0
1631173155.768,15.0,16.0
1631173155.94,31.0,29.0
1631173155.985,25.0,4.0
1631173156.271,26.0,30.0
1631173156.288,30.0,7.0
1631173156.374,0.0,17.0
1631173156.57,49.0,36.0
1631173156.689,17.0,39.0
1631173156.882,1.0,30.0
1631173157.005,34.0,17.0
1631173157.058,28.0,9.0
1631173157.156,29.0,49.0
1631173157.345,33.0,57.0
1631173157.353,11.0,30.0
1631173157.406,35.0,52.0
1631173157.586,3.0,17.0
1631173157.705,29.0,21.0
1631173157.889,18.0,29.0
1631173158.094,13.0,11.0
1631173158.369,35.0,49.0
1631173158.549,45.0,51.0
1631173158.651,18.0,34.0
1631173158.733,8.0,45.0
1631173159.0,12.0,6.0
1631173159.077,46.0,25.0
1631173159.233,10.0,19.0
1631173159.421,32.0,30.0
1631173159.524,42.0,41.0
1631173159.61,15.0,30.0
1631173159.626,36.0,20.0
1631173159.675,24.0,42.0
1631173159.884,46.0,48.0
1631173160.179,33.0,19.0
1631173160.29,40.0,30.0
1631173160.577,18.0,1.0
1631173160.675,7.0,1.0
1631173160.712,11.0,40.0
1631173160.831,45.0,8.0
1631173161.117,14.0,7.0
1631173161.355,20.0,20.0
1631173161.638,10.0,51.0
1631173161.76,27.0,40.0
1631173161.99,47.0,7.0
1631173162.08,1.0,56.0
1631173162.219,28.0,16.0
1631173162.313,10.0,15.0
1631173162.33,13.0,58.0
1631173162.522,14.0,29.0
1631173162.797,47.0,7.0
1631173162.883,3.0,42.0
1631173163.182,9.0,26.0
1631173163.469,38.0,58.0
1631173163.604,41.0,19.0
1631173163.845,40.0,31.0
1631173164.116,8.0,52.0
1631173164.308,0.0,42.0
1631173164.591,19.0,56.0
1631173164.73,10.0,22.0
1631173164.759,16.0,0.0
1631173164.857,46.0,55.0
1631173164.972,6.0,28.0
1631173164.98,34.0,51.0
1631173165.255,14.0,57.0
1631173165.328,39.0,13.0
1631173165.586,14.0,43.0
1631173165.836,27.0,27.0
1631173166.131,25.0,36.0
1631173166.311,15.0,50.0
1631173166.533,22.0,9.0
1631173166.619,11.0,24.0
1631173166.836,11.0,9.0
1631173166.979,11.0,28.0
1631173167.069,32.0,30.0
1631173167.204,28.0,28.0
1631173167.262,22.0,7.0
1631173167.417,7.0,19.0
1631173167.487,11.0,42.0
1631173167.524,20.0,13.0
1631173167.622,35.0,6.0
1631173167.798,38.0,50.0
1631173167.966,39.0,26.0
1631173168.102,18.0,57.0
1631173168.388,21.0,52.0
1631173168.605,14.0,2.0
1631173168.687,14.0,55.0
1631173168.835,34.0,11.0
1631173169.105,3.0,42.0
1631173169.257,47.0,28.0
1631173169.351,4.0,27.0
1631173169.474,12.0,8.0
1631173169.576,13.0,21.0
1631173169.658,49.0,53.0
1631173169.887,34.0,32.0
1631173169.978,4.0,56.0
1631173170.264,14.0,19.0
1631173170.522,3.0,40.0
1631173170.707,26.0,36.0
1631173170.78,31.0,14.0
1631173170.961,23.0,18.0
1631173171.096,1.0,50.0
1631173171.395,18.0,16.0
1631173171.51,3.0,55.0
1631173171.809,16.0,45.0
1631173172.001,48.0,24.0
1631173172.177,8.0,21.0
1631173172.439,18.0,48.0
1631173172.46,0.0,10.0
1631173172.698,4.0,14.0
1631173172.878,42.0,8.0
1631173173.083,44.0,31.0
1631173173.332,27.0,15.0
1631173173.382,29.0,21.0
1631173173.459,10.0,27.0
1631173173.664,34.0,37.0
1631173173.689,13.0,3.0
1631173173.984,48.0,38.0
1631173174.021,44.0,37.0
1631173174.279,44.0,25.0
1631173174.565,47.0,3.0
1631173174.574,6.0,11.0
1631173174.631,31.0,51.0
1631173174.692,3.0,0.0
1631173174.795,27.0,4.0
1631173174.942,19.0,32.0
1631173175.192,6.0,27.0
1631173175.426,19.0,42.0
1631173175.7,31.0,49.0
1631173175.938,49.0,49.0
1631173175.97,46.0,12.0
1631173176.036,41.0,52.0
1631173176.249,33.0,47.0
1631173176.45,23.0,39.0
1631173176.671,7.0,4.0
1631173176.761,17.0,26.0
1631173176.884,32.0,25.0
1631173177.122,20.0,48.0
1631173177.408,13.0,49.0
1631173177.613,26.0,15.0
1631173177.707,11.0,26.0
1631173177.715,39.0,31.0
1631173177.732,41.0,21.0
1631173177.953,22.0,35.0
1631173178.125,47.0,17.0
1631173178.129,26.0,0.0
1631173178.424,21.0,39.0
1631173178.449,13.0,34.0
1631173178.543,35.0,49.0
1631173178.568,15.0,8.0
1631173178.572,40.0,5.0
1631173178.781,44.0,53.0
1631173178.961,16.0,4.0
1631173179.256,19.0,35.0
1631173179.37,24.0,39.0
1631173179.432,4.0,25.0
1631173179.657,44.0,7.0
1631173179.796,30.0,49.0
1631173179.973,38.0,8.0
1631173180.026,3.0,40.0
1631173180.177,5.0,57.0
1631173180.202,15.0,20.0
1631173180.435,2.0,2.0
1631173180.521,14.0,34.0
1631173180.55,24.0,16.0
1631173180.833,41.0,3.0
1631173180.988,32.0,6.0
1631173181.259,31.0,25.0
1631173181.283,39.0,53.0
1631173181.476,24.0,26.0
1631173181.484,45.0,50.0
1631173181.5,2.0,41.0
1631173181.627,44.0,30.0
1631173181.652,30.0,41.0
1631173181.705,35.0,50.0
1631173181.935,26.0,31.0
1631173182.217,4.0,46.0
1631173182.496,48.0,12.0
1631173182.66,4.0,59.0
1631173182.799,16.0,57.0
1631173182.918,34.0,56.0
1631173183.008,34.0,24.0
1631173183.164,42.0,39.0
1631173183.192,19.0,41.0
1631173183.344,36.0,23.0
1631173183.536,21.0,49.0
1631173183.565,1.0,20.0
