1630991121.407,29.0
1630991121.408,3.0,4.0
1630991121.409,16.0,0.0
1630991121.41,20.0,45.0
1630991121.412,48.0,15.0
1630991121.412,7.0,56.0
1630991121.413,16.0,17.0
1630991121.414,28.0,54.0
1630991121.414,37.0,53.0
1630991121.415,7.0,49.0
1630991121.415,8.0,10.0
1630991121.416,44.0,38.0
1630991121.416,9.0,0.0
1630991121.463,42.0,2.0
1630991121.549,3.0,7.0
1630991121.779,40.0,52.0
1630991121.787,19.0,9.0
1630991122.041,10.0,33.0
1630991122.14,28.0,56.0
1630991122.377,47.0,26.0
1630991122.59,17.0,50.0
1630991122.623,29.0,49.0
1630991122.901,21.0,7.0
1630991123.172,43.0,36.0
1630991123.36,45.0,8.0
1630991123.45,44.0,37.0
1630991123.553,3.0,28.0
1630991123.799,18.0,50.0
1630991123.819,46.0,30.0
1630991123.926,22.0,46.0
1630991124.176,24.0,41.0
1630991124.426,27.0,48.0
1630991124.655,33.0,58.0
1630991124.839,35.0,13.0
1630991125.003,14.0,23.0
1630991125.04,25.0,29.0
1630991125.052,44.0,9.0
1630991125.061,17.0,35.0
1630991125.159,4.0,51.0
1630991125.36,38.0,23.0
1630991125.368,32.0,12.0
1630991125.634,16.0,57.0
1630991125.671,44.0,21.0
1630991125.966,21.0,8.0
1630991126.105,8.0,37.0
1630991126.404,44.0,24.0
1630991126.613,31.0,5.0
1630991126.687,35.0,38.0
1630991126.83,49.0,8.0
1630991127.044,10.0,37.0
1630991127.334,8.0,55.0
1630991127.506,13.0,10.0
1630991127.613,12.0,22.0
1630991127.879,32.0,52.0
1630991127.945,21.0,15.0
1630991128.059,21.0,41.0
1630991128.346,31.0,38.0
1630991128.404,16.0,50.0
1630991128.547,29.0,35.0
1630991128.654,22.0,58.0
1630991128.846,19.0,54.0
1630991128.871,39.0,20.0
1630991129.076,26.0,3.0
1630991129.284,13.0,50.0
1630991129.42,44.0,0.0
1630991129.465,16.0,34.0
1630991129.493,44.0,43.0
1630991129.633,44.0,10.0
1630991129.682,9.0,43.0
1630991129.829,35.0,37.0
1630991130.1,39.0,47.0
1630991130.386,46.0,25.0
1630991130.612,20.0,44.0
1630991130.677,35.0,15.0
1630991130.903,34.0,22.0
1630991130.915,29.0,12.0
1630991131.058,45.0,38.0
1630991131.358,42.0,15.0
1630991131.448,33.0,29.0
1630991131.542,3.0,7.0
1630991131.669,10.0,2.0
1630991131.779,8.0,37.0
1630991131.845,25.0,55.0
1630991131.911,45.0,36.0
1630991132.181,39.0,34.0
1630991132.41,6.0,1.0
1630991132.582,10.0,14.0
1630991132.767,5.0,9.0
1630991132.775,15.0,13.0
1630991133.045,30.0,55.0
1630991133.299,6.0,3.0
1630991133.504,26.0,28.0
1630991133.754,31.0,24.0
1630991133.791,8.0,17.0
1630991133.841,49.0,3.0
1630991133.975,31.0,34.0
1630991134.094,25.0,29.0
1630991134.274,29.0,43.0
1630991134.43,10.0,57.0
1630991134.475,17.0,45.0
1630991134.672,6.0,44.0
1630991134.971,48.0,24.0
1630991135.02,0.0,16.0
1630991135.233,4.0,57.0
1630991135.34,31.0,28.0
1630991135.504,28.0,59.0
1630991135.512,29.0,33.0
1630991135.798,47.0,27.0
1630991135.971,22.0,45.0
1630991136.245,3.0,4.0
1630991136.376,16.0,0.0
1630991136.524,20.0,45.0
1630991136.54,48.0,15.0
1630991136.573,7.0,56.0
1630991136.851,16.0,17.0
1630991137.06,28.0,54.0
1630991137.282,37.0,53.0
1630991137.474,20.0,22.0
1630991137.605,47.0,51.0
1630991137.794,39.0,33.0
1630991137.97,4.0,18.0
1630991137.978,4.0,20.0
1630991138.089,47.0,20.0
1630991138.216,5.0,6.0
1630991138.224,38.0,0.0
1630991138.453,35.0,57.0
1630991138.564,14.0,53.0
1630991138.826,4.0,58.0
1630991138.883,35.0,9.0
1630991138.998,13.0,42.0
1630991139.216,43.0,19.0
1630991139.486,47.0,29.0
1630991139.678,3.0,33.0
1630991139.686,48.0,25.0
1630991139.838,9.0,6.0
1630991140.072,24.0,12.0
1630991140.346,3.0,57.0
1630991140.563,0.0,51.0
1630991140.846,3.0,20.0
1630991141.067,33.0,38.0
1630991141.268,26.0,10.0
1630991141.305,30.0,19.0
1630991141.337,24.0,49.0
1630991141.481,49.0,11.0
1630991141.69,29.0,43.0
1630991141.76,40.0,43.0
1630991141.809,21.0,9.0
1630991142.03,46.0,59.0
1630991142.059,21.0,56.0
1630991142.083,44.0,38.0
1630991142.182,21.0,24.0
1630991142.44,48.0,51.0
1630991142.579,3.0,51.0
1630991142.78,5.0,0.0
1630991142.903,24.0,29.0
1630991143.116,20.0,5.0
1630991143.329,33.0,28.0
1630991143.345,8.0,30.0
1630991143.37,45.0,37.0
1630991143.579,40.0,6.0
1630991143.689,43.0,33.0
1630991143.755,10.0,2.0
1630991143.959,2.0,47.0
1630991144.103,10.0,20.0
1630991144.402,27.0,11.0
1630991144.488,14.0,5.0
1630991144.529,17.0,8.0
1630991144.771,15.0,34.0
1630991145.017,23.0,20.0
1630991145.23,39.0,34.0
1630991145.435,29.0,13.0
1630991145.525,16.0,56.0
1630991145.533,10.0,18.0
1630991145.82,20.0,36.0
1630991146.102,17.0,12.0
1630991146.241,48.0,21.0
1630991146.352,16.0,11.0
1630991146.623,28.0,51.0
1630991146.782,45.0,0.0
1630991146.823,8.0,33.0
1630991147.053,0.0,31.0
1630991147.315,44.0,13.0
1630991147.446,27.0,35.0
1630991147.577,42.0,56.0
1630991147.782,15.0,24.0
1630991147.884,47.0,1.0
1630991147.987,24.0,48.0
1630991148.122,31.0,35.0
1630991148.134,16.0,5.0
1630991148.405,31.0,0.0
1630991148.696,19.0,5.0
1630991148.724,36.0,8.0
1630991148.851,34.0,47.0
1630991149.101,26.0,46.0
1630991149.376,16.0,27.0
1630991149.396,34.0,51.0
1630991149.609,8.0,51.0
1630991149.654,18.0,58.0
1630991149.687,25.0,47.0
1630991149.875,18.0,34.0
1630991150.101,18.0,28.0
1630991150.133,34.0,47.0
1630991150.371,4.0,40.0
1630991150.666,35.0,3.0
1630991150.916,15.0,31.0
1630991151.17,14.0,16.0
1630991151.207,25.0,25.0
1630991151.416,15.0,32.0
1630991151.527,47.0,17.0
1630991151.727,47.0,15.0
1630991151.822,29.0,9.0
1630991151.887,29.0,21.0
1630991152.01,39.0,58.0
1630991152.243,0.0,9.0
1630991152.415,17.0,26.0
1630991152.452,43.0,38.0
1630991152.69,21.0,59.0
1630991152.887,47.0,28.0
1630991153.145,37.0,15.0
1630991153.28,12.0,44.0
1630991153.469,34.0,54.0
1630991153.739,19.0,35.0
1630991153.985,26.0,21.0
1630991154.009,19.0,11.0
1630991154.017,48.0,58.0
1630991154.251,4.0,3.0
1630991154.431,15.0,11.0
1630991154.538,24.0,25.0
1630991154.759,4.0,6.0
1630991154.808,3.0,32.0
1630991154.943,41.0,34.0
1630991155.021,17.0,40.0
1630991155.107,15.0,7.0
1630991155.333,29.0,57.0
1630991155.55,48.0,22.0
1630991155.578,39.0,8.0
1630991155.779,7.0,21.0
1630991155.935,16.0,21.0
1630991156.09,46.0,55.0
1630991156.222,44.0,55.0
1630991156.344,12.0,13.0
1630991156.57,32.0,4.0
1630991156.664,48.0,32.0
1630991156.918,20.0,23.0
1630991157.16,14.0,19.0
1630991157.324,35.0,1.0
1630991157.565,2.0,46.0
1630991157.786,0.0,10.0
1630991157.91,19.0,25.0
1630991158.155,11.0,31.0
1630991158.446,16.0,19.0
1630991158.717,39.0,50.0
1630991158.856,41.0,17.0
1630991158.889,28.0,57.0
1630991159.098,33.0,36.0
1630991159.188,41.0,14.0
1630991159.196,4.0,6.0
1630991159.29,40.0,22.0
1630991159.356,40.0,4.0
1630991159.569,41.0,7.0
1630991159.847,34.0,17.0
1630991159.917,11.0,1.0
1630991159.983,2.0,52.0
1630991160.114,4.0,19.0
1630991160.261,27.0,2.0
1630991160.376,19.0,30.0
1630991160.552,41.0,56.0
1630991160.671,49.0,32.0
1630991160.929,6.0,10.0
1630991160.986,48.0,34.0
1630991161.228,18.0,30.0
1630991161.33,45.0,21.0
1630991161.56,1.0,45.0
1630991161.724,7.0,50.0
1630991161.949,5.0,13.0
1630991161.99,19.0,56.0
1630991161.998,21.0,35.0
1630991162.207,0.0,9.0
1630991162.469,4.0,3.0
1630991162.519,39.0,30.0
1630991162.551,15.0,44.0
1630991162.748,13.0,18.0
1630991162.9,42.0,16.0
1630991163.113,20.0,40.0
1630991163.264,18.0,21.0
1630991163.412,46.0,47.0
1630991163.612,34.0,28.0
1630991163.784,48.0,35.0
1630991164.039,21.0,49.0
1630991164.133,19.0,51.0
1630991164.153,14.0,19.0
1630991164.383,10.0,40.0
1630991164.395,42.0,18.0
1630991164.477,44.0,48.0
1630991164.67,25.0,0.0
1630991164.874,46.0,27.0
1630991165.145,37.0,43.0
1630991165.173,2.0,41.0
1630991165.198,0.0,40.0
1630991165.276,7.0,3.0
1630991165.579,14.0,25.0
1630991165.64,9.0,10.0
1630991165.69,18.0,50.0
1630991165.944,43.0,15.0
1630991166.132,34.0,15.0
1630991166.251,1.0,26.0
1630991166.501,9.0,43.0
1630991166.517,37.0,39.0
1630991166.816,0.0,37.0
1630991166.902,28.0,44.0
1630991166.943,15.0,20.0
1630991167.111,40.0,47.0
1630991167.377,28.0,22.0
1630991167.541,19.0,30.0
1630991167.767,28.0,33.0
1630991168.025,10.0,0.0
1630991168.303,0.0,54.0
1630991168.512,6.0,11.0
1630991168.598,31.0,4.0
1630991168.639,26.0,24.0
1630991168.889,8.0,14.0
1630991169.045,19.0,28.0
1630991169.115,20.0,23.0
1630991169.164,24.0,23.0
1630991169.418,8.0,41.0
1630991169.569,38.0,3.0
1630991169.729,19.0,59.0
1630991169.786,11.0,7.0
1630991169.84,49.0,28.0
1630991170.085,30.0,6.0
1630991170.368,24.0,56.0
1630991170.479,17.0,34.0
1630991170.717,34.0,51.0
1630991170.868,16.0,47.0
1630991170.876,39.0,7.0
1630991170.95,31.0,35.0
1630991171.085,24.0,15.0
1630991171.118,22.0,28.0
1630991171.417,20.0,27.0
1630991171.712,39.0,6.0
1630991172.003,11.0,52.0
1630991172.265,12.0,1.0
1630991172.318,30.0,21.0
1630991172.531,28.0,30.0
1630991172.732,9.0,54.0
1630991173.027,44.0,10.0
1630991173.158,9.0,57.0
1630991173.338,32.0,12.0
1630991173.621,31.0,33.0
1630991173.744,21.0,56.0
1630991173.76,41.0,40.0
1630991173.859,20.0,4.0
1630991174.158,29.0,4.0
1630991174.432,20.0,16.0
1630991174.535,30.0,38.0
1630991174.821,2.0,48.0
1630991175.022,12.0,20.0
1630991175.272,35.0,43.0
1630991175.387,9.0,18.0
1630991175.444,11.0,42.0
1630991175.493,4.0,0.0
1630991175.575,20.0,28.0
1630991175.628,44.0,29.0
1630991175.723,19.0,10.0
1630991175.796,23.0,25.0
1630991176.014,0.0,51.0
1630991176.157,46.0,49.0
1630991176.231,44.0,30.0
1630991176.321,14.0,24.0
1630991176.583,19.0,0.0
1630991176.645,11.0,5.0
1630991176.878,49.0,30.0
1630991176.903,10.0,53.0
1630991176.931,22.0,21.0
1630991176.997,18.0,43.0
1630991177.12,39.0,37.0
1630991177.214,14.0,38.0
1630991177.37,21.0,1.0
1630991177.423,36.0,29.0
1630991177.554,20.0,22.0
1630991177.665,16.0,7.0
1630991177.911,1.0,12.0
1630991177.923,23.0,36.0
1630991177.931,7.0,53.0
1630991178.095,3.0,32.0
1630991178.32,40.0,33.0
1630991178.378,33.0,15.0
1630991178.418,1.0,58.0
1630991178.513,10.0,18.0
1630991178.541,25.0,38.0
1630991178.836,33.0,22.0
1630991179.013,36.0,46.0
1630991179.283,14.0,44.0
1630991179.578,19.0,22.0
1630991179.603,9.0,42.0
1630991179.652,16.0,27.0
1630991179.824,48.0,20.0
1630991179.893,48.0,12.0
1630991179.939,28.0,40.0
1630991179.984,42.0,23.0
1630991180.266,22.0,1.0
1630991180.274,21.0,26.0
1630991180.291,19.0,31.0
1630991180.348,19.0,46.0
1630991180.602,16.0,14.0
1630991180.758,14.0,55.0
1630991180.893,16.0,17.0
1630991181.172,10.0,12.0
1630991181.463,31.0,14.0
1630991181.729,27.0,24.0
1630991181.913,33.0,50.0
1630991182.04,49.0,9.0
1630991182.147,44.0,24.0
1630991182.2,12.0,59.0
1630991182.335,7.0,23.0
1630991182.433,9.0,50.0
1630991182.589,41.0,1.0
1630991182.712,3.0,29.0
1630991183.007,3.0,1.0
1630991183.068,41.0,3.0
1630991183.089,18.0,7.0
1630991183.314,22.0,59.0
1630991183.556,4.0,51.0
1630991183.65,45.0,30.0
1630991183.822,12.0,56.0
1630991183.941,26.0,13.0
1630991184.187,21.0,39.0
1630991184.421,29.0,28.0
1630991184.67,28.0,57.0
1630991184.793,38.0,8.0
1630991184.92,26.0,8.0
1630991185.129,49.0,15.0
1630991185.158,26.0,8.0
1630991185.453,19.0,4.0
1630991185.592,16.0,58.0
1630991185.883,33.0,58.0
1630991185.904,48.0,1.0
1630991186.158,18.0,57.0
1630991186.203,11.0,58.0
1630991186.231,13.0,55.0
1630991186.436,8.0,28.0
1630991186.518,19.0,43.0
1630991186.694,42.0,53.0
1630991186.87,3.0,55.0
1630991187.042,25.0,44.0
1630991187.305,32.0,19.0
1630991187.436,35.0,8.0
1630991187.608,10.0,54.0
1630991187.678,28.0,45.0
1630991187.723,29.0,15.0
1630991187.751,37.0,43.0
1630991187.788,16.0,34.0
1630991187.87,25.0,24.0
1630991187.923,6.0,39.0
1630991188.091,43.0,26.0
1630991188.325,24.0,27.0
1630991188.517,30.0,7.0
1630991188.685,10.0,22.0
1630991188.788,14.0,32.0
1630991189.03,35.0,51.0
1630991189.238,10.0,40.0
1630991189.251,3.0,10.0
1630991189.435,0.0,25.0
1630991189.501,34.0,8.0
1630991189.509,36.0,40.0
1630991189.697,49.0,22.0
1630991189.927,33.0,57.0
1630991189.959,2.0,9.0
1630991190.242,25.0,29.0
1630991190.365,45.0,45.0
1630991190.386,41.0,21.0
1630991190.459,14.0,22.0
1630991190.467,33.0,26.0
1630991190.484,1.0,50.0
1630991190.627,25.0,58.0
1630991190.693,31.0,56.0
1630991190.709,8.0,44.0
1630991190.959,8.0,51.0
1630991191.156,0.0,14.0
1630991191.353,49.0,45.0
1630991191.488,12.0,59.0
1630991191.742,21.0,26.0
1630991191.877,10.0,22.0
1630991192.053,43.0,55.0
1630991192.242,21.0,58.0
1630991192.463,41.0,13.0
1630991192.52,7.0,12.0
1630991192.565,25.0,8.0
1630991192.68,15.0,56.0
1630991192.77,47.0,29.0
1630991192.803,34.0,48.0
1630991192.844,29.0,46.0
1630991192.999,7.0,17.0
1630991193.204,21.0,7.0
1630991193.438,49.0,56.0
1630991193.696,38.0,50.0
1630991193.983,36.0,56.0
1630991194.265,24.0,2.0
1630991194.331,31.0,12.0
1630991194.581,2.0,35.0
1630991194.716,4.0,8.0
1630991194.999,31.0,50.0
1630991195.294,14.0,52.0
1630991195.33,37.0,9.0
1630991195.417,19.0,41.0
1630991195.523,8.0,29.0
1630991195.765,17.0,39.0
1630991195.831,49.0,0.0
1630991195.945,27.0,2.0
1630991196.089,30.0,21.0
1630991196.175,30.0,5.0
1630991196.31,44.0,25.0
1630991196.514,33.0,0.0
1630991196.572,34.0,57.0
1630991196.85,31.0,58.0
1630991197.059,42.0,20.0
1630991197.309,1.0,22.0
1630991197.453,35.0,55.0
1630991197.526,43.0,2.0
1630991197.539,41.0,41.0
1630991197.817,18.0,20.0
1630991197.846,5.0,22.0
1630991198.014,32.0,33.0
1630991198.207,28.0,24.0
1630991198.461,11.0,1.0
1630991198.674,4.0,11.0
1630991198.788,11.0,44.0
1630991198.997,22.0,13.0
1630991199.141,36.0,58.0
1630991199.333,38.0,43.0
1630991199.37,2.0,3.0
1630991199.542,19.0,32.0
1630991199.661,32.0,42.0
1630991199.759,9.0,13.0
1630991199.948,19.0,30.0
1630991199.96,15.0,58.0
1630991200.104,45.0,50.0
1630991200.263,8.0,23.0
1630991200.366,9.0,13.0
1630991200.616,1.0,45.0
1630991200.816,17.0,13.0
1630991201.017,16.0,44.0
1630991201.287,42.0,23.0
1630991201.402,29.0,37.0
1630991201.484,14.0,12.0
1630991201.64,26.0,27.0
1630991201.894,9.0,32.0
1630991202.181,22.0,49.0
1630991202.467,49.0,19.0
1630991202.566,40.0,23.0
1630991202.652,43.0,47.0
1630991202.836,48.0,7.0
1630991202.856,31.0,16.0
1630991203.016,13.0,34.0
1630991203.201,32.0,42.0
1630991203.213,41.0,31.0
1630991203.352,33.0,13.0
1630991203.483,30.0,44.0
1630991203.5,37.0,30.0
1630991203.779,8.0,26.0
1630991204.016,40.0,19.0
1630991204.151,12.0,18.0
1630991204.204,26.0,6.0
1630991204.417,45.0,1.0
1630991204.696,41.0,58.0
1630991204.749,20.0,57.0
1630991204.975,1.0,2.0
1630991205.11,37.0,44.0
1630991205.364,5.0,7.0
1630991205.511,8.0,39.0
1630991205.655,47.0,1.0
1630991205.819,7.0,5.0
1630991205.835,12.0,4.0
1630991206.122,9.0,39.0
1630991206.237,40.0,31.0
1630991206.384,22.0,33.0
1630991206.499,49.0,41.0
1630991206.65,31.0,36.0
1630991206.675,46.0,44.0
1630991206.822,38.0,31.0
1630991206.884,35.0,25.0
1630991207.085,37.0,57.0
1630991207.134,20.0,4.0
1630991207.228,25.0,43.0
1630991207.416,36.0,45.0
1630991207.658,7.0,32.0
1630991207.822,28.0,4.0
1630991207.925,31.0,40.0
1630991208.01,30.0,43.0
1630991208.178,48.0,44.0
1630991208.297,49.0,25.0
1630991208.367,13.0,36.0
1630991208.65,48.0,59.0
1630991208.707,14.0,5.0
1630991208.797,7.0,45.0
1630991209.022,14.0,15.0
1630991209.231,47.0,9.0
1630991209.526,29.0,6.0
1630991209.694,48.0,45.0
1630991209.756,18.0,13.0
1630991210.034,3.0,43.0
1630991210.059,9.0,21.0
1630991210.235,34.0,15.0
1630991210.436,36.0,39.0
1630991210.649,0.0,13.0
1630991210.801,42.0,28.0
1630991210.886,31.0,27.0
1630991210.895,6.0,38.0
1630991211.1,17.0,14.0
1630991211.112,20.0,58.0
1630991211.329,46.0,44.0
1630991211.386,13.0,57.0
1630991211.583,34.0,16.0
1630991211.694,12.0,53.0
1630991211.771,24.0,44.0
1630991211.886,23.0,42.0
1630991212.165,27.0,9.0
1630991212.214,31.0,33.0
1630991212.447,39.0,40.0
1630991212.64,47.0,24.0
1630991212.812,8.0,40.0
1630991212.861,18.0,1.0
1630991212.877,42.0,13.0
1630991213.156,6.0,20.0
1630991213.451,18.0,50.0
1630991213.615,49.0,34.0
1630991213.644,21.0,31.0
1630991213.693,17.0,10.0
1630991213.947,25.0,21.0
1630991214.139,42.0,34.0
1630991214.213,46.0,47.0
1630991214.43,15.0,9.0
1630991214.705,15.0,40.0
1630991214.713,25.0,49.0
1630991215.008,23.0,54.0
1630991215.086,14.0,14.0
1630991215.106,25.0,57.0
1630991215.262,27.0,2.0
1630991215.34,22.0,59.0
1630991215.381,33.0,17.0
1630991215.61,40.0,46.0
1630991215.705,12.0,55.0
1630991215.745,16.0,21.0
1630991215.827,27.0,38.0
1630991215.889,22.0,27.0
1630991216.024,31.0,6.0
1630991216.319,30.0,35.0
1630991216.577,19.0,32.0
1630991216.72,12.0,26.0
1630991216.847,43.0,26.0
1630991216.974,26.0,13.0
1630991217.159,46.0,32.0
1630991217.319,9.0,57.0
1630991217.343,22.0,0.0
1630991217.495,15.0,20.0
1630991217.589,1.0,12.0
1630991217.863,27.0,17.0
1630991217.888,15.0,1.0
1630991218.126,49.0,7.0
1630991218.347,30.0,56.0
1630991218.372,31.0,27.0
1630991218.531,47.0,13.0
1630991218.757,29.0,2.0
1630991219.006,3.0,19.0
1630991219.174,27.0,4.0
1630991219.404,27.0,6.0
1630991219.412,22.0,21.0
1630991219.638,48.0,37.0
1630991219.687,44.0,27.0
1630991219.736,9.0,57.0
1630991219.908,1.0,44.0
1630991220.195,20.0,55.0
1630991220.211,27.0,35.0
1630991220.305,14.0,0.0
1630991220.428,17.0,43.0
1630991220.543,4.0,28.0
1630991220.83,25.0,53.0
1630991220.854,7.0,36.0
1630991220.936,42.0,22.0
1630991221.145,40.0,25.0
1630991221.215,6.0,21.0
1630991221.334,20.0,22.0
1630991221.453,35.0,32.0
1630991221.747,35.0,30.0
1630991221.879,13.0,11.0
1630991222.026,1.0,50.0
1630991222.173,47.0,34.0
1630991222.321,23.0,8.0
1630991222.595,32.0,59.0
1630991222.751,45.0,22.0
1630991222.874,39.0,39.0
1630991222.968,36.0,7.0
1630991223.161,0.0,6.0
1630991223.362,15.0,44.0
1630991223.62,24.0,37.0
1630991223.693,45.0,46.0
1630991223.759,41.0,11.0
1630991223.898,6.0,59.0
1630991223.996,47.0,49.0
1630991224.062,22.0,25.0
1630991224.259,19.0,40.0
1630991224.554,48.0,13.0
1630991224.828,26.0,33.0
1630991224.927,43.0,23.0
1630991225.037,24.0,26.0
1630991225.041,30.0,41.0
1630991225.127,25.0,29.0
1630991225.25,8.0,25.0
1630991225.549,21.0,14.0
1630991225.611,6.0,12.0
1630991225.762,3.0,35.0
1630991226.045,5.0,22.0
1630991226.094,45.0,12.0
1630991226.164,31.0,0.0
1630991226.426,47.0,39.0
1630991226.598,1.0,19.0
1630991226.881,29.0,56.0
1630991226.909,1.0,36.0
1630991226.938,31.0,0.0
1630991227.004,1.0,45.0
1630991227.073,4.0,57.0
1630991227.266,15.0,48.0
1630991227.327,16.0,13.0
1630991227.406,36.0,30.0
1630991227.561,26.0,59.0
1630991227.77,32.0,31.0
1630991228.04,1.0,27.0
1630991228.122,8.0,57.0
1630991228.159,2.0,58.0
1630991228.183,38.0,34.0
1630991228.389,46.0,3.0
1630991228.552,23.0,46.0
1630991228.733,5.0,34.0
1630991228.855,31.0,57.0
1630991228.925,29.0,54.0
1630991229.155,6.0,56.0
1630991229.171,47.0,53.0
1630991229.454,7.0,20.0
1630991229.511,0.0,36.0
1630991229.527,33.0,35.0
1630991229.536,12.0,6.0
1630991229.74,8.0,27.0
1630991230.015,37.0,56.0
1630991230.171,24.0,6.0
1630991230.379,33.0,21.0
1630991230.539,21.0,36.0
1630991230.752,14.0,29.0
1630991230.887,9.0,18.0
1630991231.084,10.0,27.0
1630991231.125,42.0,35.0
1630991231.146,11.0,0.0
1630991231.359,9.0,10.0
1630991231.641,45.0,38.0
1630991231.777,38.0,44.0
1630991231.961,40.0,50.0
1630991232.076,25.0,58.0
1630991232.35,37.0,2.0
1630991232.641,20.0,22.0
1630991232.846,34.0,0.0
1630991232.989,3.0,20.0
1630991233.043,25.0,22.0
1630991233.186,20.0,18.0
1630991233.428,15.0,15.0
1630991233.706,34.0,27.0
1630991233.981,30.0,10.0
1630991234.075,6.0,1.0
1630991234.321,22.0,55.0
1630991234.558,25.0,40.0
1630991234.632,36.0,37.0
1630991234.837,37.0,35.0
1630991235.021,45.0,56.0
1630991235.304,32.0,47.0
1630991235.357,49.0,5.0
1630991235.406,27.0,6.0
1630991235.5,45.0,56.0
1630991235.759,31.0,45.0
1630991235.968,29.0,50.0
1630991235.992,7.0,42.0
1630991236.046,23.0,40.0
1630991236.246,33.0,14.0
1630991236.328,7.0,23.0
1630991236.472,37.0,49.0
1630991236.759,36.0,11.0
1630991236.955,22.0,10.0
1630991237.185,4.0,26.0
1630991237.303,17.0,43.0
1630991237.443,13.0,12.0
1630991237.684,44.0,48.0
1630991237.766,29.0,5.0
1630991237.774,37.0,20.0
1630991238.061,47.0,19.0
1630991238.127,13.0,0.0
1630991238.225,47.0,1.0
1630991238.315,5.0,40.0
1630991238.459,22.0,36.0
1630991238.491,19.0,9.0
1630991238.578,29.0,52.0
1630991238.811,8.0,7.0
1630991238.991,12.0,56.0
1630991239.003,45.0,48.0
1630991239.188,8.0,33.0
1630991239.356,5.0,54.0
1630991239.61,35.0,30.0
1630991239.872,29.0,38.0
1630991240.11,9.0,45.0
1630991240.237,48.0,24.0
1630991240.413,37.0,31.0
1630991240.458,48.0,57.0
1630991240.659,32.0,56.0
1630991240.736,33.0,30.0
1630991240.929,20.0,30.0
1630991240.982,3.0,48.0
1630991241.208,23.0,2.0
1630991241.478,0.0,5.0
1630991241.736,21.0,24.0
1630991241.97,47.0,28.0
1630991242.261,35.0,48.0
1630991242.519,24.0,23.0
1630991242.781,22.0,24.0
1630991242.916,39.0,56.0
1630991243.158,48.0,27.0
1630991243.453,17.0,3.0
1630991243.731,43.0,36.0
1630991243.768,46.0,22.0
1630991244.026,42.0,36.0
1630991244.129,31.0,21.0
1630991244.223,38.0,24.0
1630991244.481,37.0,23.0
1630991244.497,15.0,33.0
1630991244.555,38.0,51.0
1630991244.842,40.0,20.0
1630991244.874,26.0,49.0
1630991244.981,14.0,37.0
1630991245.104,38.0,6.0
1630991245.153,7.0,45.0
1630991245.26,29.0,31.0
1630991245.399,9.0,41.0
1630991245.468,25.0,34.0
1630991245.759,14.0,3.0
1630991245.886,1.0,12.0
1630991245.927,3.0,49.0
1630991246.161,30.0,59.0
1630991246.435,40.0,56.0
1630991246.726,4.0,18.0
1630991246.796,36.0,26.0
1630991247.058,24.0,38.0
1630991247.079,27.0,35.0
1630991247.206,41.0,49.0
1630991247.365,35.0,25.0
1630991247.525,11.0,12.0
1630991247.697,19.0,14.0
1630991247.8,4.0,51.0
1630991247.918,4.0,23.0
1630991247.992,13.0,11.0
1630991248.136,8.0,39.0
1630991248.144,22.0,12.0
1630991248.414,15.0,29.0
1630991248.529,43.0,20.0
1630991248.635,5.0,24.0
1630991248.787,11.0,9.0
1630991249.07,48.0,45.0
1630991249.18,10.0,40.0
1630991249.369,13.0,53.0
1630991249.635,35.0,0.0
1630991249.918,42.0,14.0
1630991250.213,13.0,53.0
1630991250.217,48.0,43.0
1630991250.475,41.0,37.0
1630991250.667,47.0,29.0
1630991250.876,19.0,40.0
1630991251.11,15.0,31.0
1630991251.323,46.0,10.0
1630991251.425,23.0,28.0
1630991251.45,20.0,16.0
1630991251.716,27.0,32.0
1630991251.827,30.0,36.0
1630991251.929,41.0,18.0
1630991252.204,19.0,23.0
1630991252.265,31.0,38.0
1630991252.45,17.0,12.0
1630991252.503,11.0,55.0
1630991252.617,29.0,7.0
1630991252.909,36.0,20.0
1630991253.166,42.0,41.0
1630991253.404,11.0,24.0
1630991253.576,13.0,30.0
1630991253.683,35.0,0.0
1630991253.744,45.0,17.0
1630991253.822,49.0,22.0
1630991254.006,17.0,59.0
1630991254.273,37.0,49.0
1630991254.576,18.0,38.0
1630991254.58,15.0,57.0
1630991254.695,29.0,24.0
1630991254.912,16.0,52.0
1630991255.006,10.0,38.0
1630991255.285,21.0,4.0
1630991255.53,30.0,57.0
1630991255.69,4.0,35.0
1630991255.899,21.0,48.0
1630991255.944,2.0,15.0
1630991256.153,10.0,0.0
1630991256.44,10.0,42.0
1630991256.649,1.0,20.0
1630991256.882,20.0,4.0
1630991256.89,5.0,28.0
1630991257.067,24.0,29.0
1630991257.259,44.0,56.0
1630991257.284,31.0,1.0
1630991257.472,38.0,43.0
1630991257.677,22.0,33.0
1630991257.771,1.0,3.0
1630991257.972,7.0,40.0
1630991258.029,39.0,21.0
1630991258.23,10.0,14.0
1630991258.525,28.0,11.0
1630991258.673,31.0,13.0
1630991258.89,18.0,15.0
1630991258.968,24.0,13.0
1630991259.234,37.0,55.0
1630991259.353,43.0,46.0
1630991259.459,31.0,18.0
1630991259.705,30.0,9.0
1630991259.996,32.0,54.0
1630991260.279,20.0,33.0
1630991260.488,38.0,4.0
1630991260.627,38.0,27.0
1630991260.688,8.0,16.0
1630991260.766,27.0,32.0
1630991260.844,29.0,30.0
1630991260.902,1.0,7.0
1630991261.127,39.0,40.0
1630991261.291,27.0,36.0
1630991261.496,11.0,44.0
1630991261.75,25.0,19.0
1630991261.893,49.0,59.0
1630991262.065,24.0,50.0
1630991262.131,42.0,22.0
1630991262.151,10.0,34.0
1630991262.2,43.0,57.0
1630991262.204,15.0,48.0
1630991262.274,32.0,8.0
1630991262.339,8.0,2.0
1630991262.553,19.0,50.0
1630991262.589,42.0,36.0
1630991262.835,8.0,50.0
1630991263.069,19.0,57.0
1630991263.302,44.0,33.0
1630991263.511,11.0,25.0
1630991263.671,7.0,33.0
1630991263.847,14.0,27.0
1630991263.949,14.0,49.0
1630991263.986,14.0,27.0
1630991264.281,48.0,47.0
1630991264.495,17.0,0.0
1630991264.749,20.0,43.0
1630991264.806,18.0,46.0
1630991264.814,22.0,17.0
1630991265.007,21.0,56.0
1630991265.125,41.0,18.0
1630991265.158,38.0,51.0
1630991265.433,7.0,20.0
1630991265.527,43.0,52.0
1630991265.814,13.0,28.0
1630991265.822,48.0,37.0
1630991265.867,38.0,26.0
1630991265.912,15.0,28.0
1630991266.023,16.0,43.0
1630991266.059,4.0,27.0
1630991266.219,22.0,6.0
1630991266.449,3.0,20.0
1630991266.678,14.0,11.0
1630991266.883,29.0,2.0
1630991267.1,38.0,30.0
1630991267.186,2.0,13.0
1630991267.33,47.0,55.0
1630991267.583,38.0,46.0
1630991267.813,17.0,42.0
1630991268.034,26.0,16.0
1630991268.096,29.0,4.0
1630991268.341,40.0,57.0
1630991268.567,11.0,43.0
1630991268.612,2.0,25.0
1630991268.85,22.0,7.0
1630991269.009,15.0,27.0
1630991269.271,32.0,37.0
1630991269.313,28.0,53.0
1630991269.55,1.0,59.0
1630991269.771,23.0,4.0
1630991269.865,8.0,59.0
1630991269.906,48.0,7.0
1630991269.96,33.0,8.0
1630991270.001,21.0,19.0
1630991270.173,30.0,41.0
1630991270.247,13.0,47.0
1630991270.5,48.0,29.0
1630991270.517,30.0,47.0
1630991270.644,25.0,48.0
1630991270.73,14.0,47.0
1630991270.939,38.0,27.0
1630991271.14,31.0,19.0
1630991271.299,46.0,27.0
1630991271.439,38.0,1.0
1630991271.681,2.0,45.0
1630991271.951,11.0,48.0
1630991272.152,43.0,53.0
1630991272.434,36.0,22.0
1630991272.696,20.0,1.0
1630991272.983,40.0,28.0
1630991273.04,5.0,7.0
1630991273.053,1.0,25.0
1630991273.254,9.0,57.0
1630991273.344,43.0,22.0
1630991273.626,3.0,59.0
1630991273.811,11.0,44.0
1630991273.942,27.0,4.0
1630991274.167,6.0,34.0
1630991274.278,48.0,28.0
1630991274.479,37.0,35.0
1630991274.712,36.0,37.0
1630991274.938,14.0,34.0
1630991275.064,33.0,3.0
1630991275.195,44.0,50.0
1630991275.327,4.0,5.0
1630991275.511,14.0,35.0
1630991275.535,29.0,50.0
1630991275.556,40.0,21.0
1630991275.781,49.0,47.0
1630991275.789,10.0,44.0
1630991275.945,10.0,44.0
1630991276.072,27.0,1.0
1630991276.175,32.0,44.0
1630991276.261,19.0,23.0
1630991276.515,18.0,58.0
1630991276.543,19.0,34.0
1630991276.765,37.0,57.0
1630991276.785,39.0,12.0
1630991277.027,33.0,22.0
1630991277.269,2.0,7.0
1630991277.359,38.0,27.0
1630991277.392,32.0,41.0
1630991277.592,32.0,7.0
1630991277.646,35.0,10.0
1630991277.863,23.0,5.0
1630991277.94,17.0,38.0
1630991278.231,0.0,14.0
1630991278.321,7.0,59.0
1630991278.371,43.0,32.0
1630991278.649,19.0,18.0
1630991278.776,48.0,9.0
1630991278.936,40.0,8.0
1630991279.145,26.0,12.0
1630991279.198,17.0,13.0
1630991279.407,41.0,51.0
1630991279.616,18.0,23.0
1630991279.624,22.0,17.0
1630991279.874,28.0,6.0
1630991280.169,13.0,23.0
1630991280.28,34.0,13.0
1630991280.37,32.0,29.0
1630991280.374,12.0,4.0
1630991280.624,35.0,10.0
1630991280.821,44.0,6.0
1630991280.972,34.0,55.0
1630991281.242,41.0,59.0
1630991281.513,19.0,41.0
1630991281.611,10.0,13.0
1630991281.902,11.0,8.0
1630991281.906,12.0,19.0
1630991282.14,19.0,11.0
1630991282.357,14.0,4.0
1630991282.468,44.0,51.0
1630991282.595,41.0,39.0
1630991282.693,45.0,6.0
1630991282.885,11.0,18.0
1630991283.066,3.0,58.0
1630991283.287,3.0,0.0
1630991283.5,23.0,37.0
1630991283.779,49.0,53.0
1630991284.028,43.0,58.0
1630991284.074,25.0,35.0
1630991284.258,26.0,50.0
1630991284.492,28.0,28.0
1630991284.688,12.0,1.0
1630991284.938,37.0,34.0
1630991285.233,30.0,27.0
1630991285.487,25.0,3.0
1630991285.557,15.0,30.0
1630991285.696,25.0,3.0
1630991285.761,12.0,9.0
1630991285.942,23.0,57.0
1630991286.101,23.0,53.0
1630991286.204,2.0,16.0
1630991286.368,38.0,31.0
1630991286.634,44.0,29.0
1630991286.716,46.0,29.0
1630991286.913,44.0,35.0
1630991287.077,8.0,3.0
1630991287.281,4.0,26.0
1630991287.437,0.0,55.0
1630991287.466,13.0,32.0
1630991287.478,34.0,7.0
1630991287.695,27.0,11.0
1630991287.884,33.0,40.0
1630991288.183,40.0,22.0
1630991288.195,36.0,42.0
1630991288.355,19.0,54.0
1630991288.433,16.0,17.0
1630991288.732,0.0,59.0
1630991289.031,43.0,48.0
1630991289.105,1.0,6.0
1630991289.395,20.0,41.0
1630991289.445,11.0,27.0
1630991289.592,26.0,16.0
1630991289.768,6.0,36.0
1630991290.03,39.0,59.0
1630991290.112,37.0,46.0
1630991290.211,6.0,51.0
1630991290.469,48.0,46.0
1630991290.637,33.0,41.0
1630991290.928,34.0,58.0
1630991290.956,44.0,26.0
1630991291.055,39.0,15.0
1630991291.079,18.0,20.0
1630991291.345,40.0,28.0
1630991291.354,33.0,3.0
1630991291.489,23.0,56.0
1630991291.702,12.0,29.0
1630991291.755,12.0,41.0
1630991291.89,35.0,51.0
1630991292.116,20.0,46.0
1630991292.308,28.0,26.0
1630991292.341,49.0,23.0
1630991292.468,38.0,41.0
1630991292.656,19.0,41.0
1630991292.874,23.0,18.0
1630991293.025,18.0,41.0
1630991293.214,1.0,23.0
1630991293.308,20.0,13.0
1630991293.55,26.0,50.0
1630991293.607,32.0,6.0
1630991293.799,14.0,2.0
1630991293.906,40.0,59.0
1630991294.107,34.0,35.0
1630991294.201,32.0,14.0
1630991294.471,43.0,47.0
1630991294.496,45.0,4.0
1630991294.59,16.0,14.0
1630991294.676,8.0,41.0
1630991294.84,20.0,42.0
1630991295.135,4.0,49.0
1630991295.381,47.0,12.0
1630991295.561,46.0,37.0
1630991295.807,40.0,46.0
1630991296.008,43.0,1.0
1630991296.02,25.0,17.0
1630991296.225,42.0,31.0
1630991296.294,25.0,37.0
1630991296.491,32.0,17.0
1630991296.557,36.0,12.0
1630991296.565,10.0,19.0
1630991296.577,45.0,45.0
1630991296.758,13.0,28.0
1630991297.024,28.0,5.0
1630991297.229,15.0,46.0
1630991297.515,40.0,43.0
1630991297.72,0.0,19.0
1630991297.843,47.0,59.0
1630991297.864,17.0,17.0
1630991298.093,21.0,51.0
1630991298.163,28.0,22.0
1630991298.363,2.0,56.0
1630991298.413,26.0,24.0
1630991298.462,37.0,53.0
1630991298.474,7.0,19.0
1630991298.585,26.0,20.0
1630991298.802,20.0,12.0
1630991298.859,42.0,26.0
1630991298.871,36.0,9.0
1630991299.056,37.0,27.0
1630991299.085,9.0,25.0
1630991299.187,19.0,31.0
1630991299.257,3.0,33.0
1630991299.453,41.0,58.0
1630991299.601,37.0,46.0
1630991299.822,28.0,34.0
1630991299.986,27.0,7.0
1630991300.285,31.0,10.0
1630991300.576,30.0,3.0
1630991300.691,29.0,47.0
1630991300.977,39.0,54.0
1630991301.01,46.0,29.0
1630991301.24,21.0,35.0
1630991301.375,29.0,6.0
1630991301.461,26.0,54.0
1630991301.645,35.0,27.0
1630991301.793,49.0,20.0
1630991302.075,8.0,53.0
1630991302.19,27.0,30.0
1630991302.334,35.0,31.0
1630991302.579,4.0,8.0
1630991302.842,46.0,39.0
1630991303.018,48.0,45.0
1630991303.165,19.0,27.0
1630991303.173,33.0,29.0
1630991303.358,44.0,26.0
1630991303.493,11.0,29.0
1630991303.649,49.0,37.0
1630991303.693,23.0,35.0
1630991303.972,20.0,56.0
1630991304.247,35.0,28.0
1630991304.337,17.0,4.0
1630991304.484,36.0,10.0
1630991304.497,25.0,38.0
1630991304.64,3.0,52.0
1630991304.751,46.0,32.0
1630991304.816,46.0,47.0
1630991304.878,3.0,19.0
1630991305.025,21.0,40.0
1630991305.172,29.0,18.0
1630991305.271,15.0,36.0
1630991305.513,29.0,47.0
1630991305.664,27.0,48.0
1630991305.844,10.0,18.0
1630991306.037,11.0,37.0
1630991306.111,38.0,2.0
1630991306.357,4.0,19.0
1630991306.627,25.0,45.0
1630991306.778,15.0,20.0
1630991306.848,27.0,1.0
1630991307.106,10.0,25.0
1630991307.2,6.0,53.0
1630991307.373,15.0,19.0
1630991307.381,46.0,53.0
1630991307.512,49.0,2.0
1630991307.533,4.0,22.0
1630991307.581,9.0,36.0
1630991307.811,2.0,56.0
1630991307.967,26.0,19.0
1630991308.061,3.0,36.0
1630991308.323,35.0,35.0
1630991308.446,21.0,13.0
1630991308.696,44.0,35.0
1630991308.774,23.0,20.0
1630991308.983,37.0,23.0
1630991309.069,42.0,1.0
1630991309.224,2.0,38.0
1630991309.47,12.0,45.0
1630991309.601,42.0,3.0
1630991309.782,33.0,34.0
1630991309.97,2.0,13.0
1630991310.245,9.0,34.0
1630991310.314,18.0,58.0
1630991310.462,2.0,34.0
1630991310.494,8.0,41.0
1630991310.589,41.0,24.0
1630991310.683,37.0,54.0
1630991310.912,37.0,22.0
1630991311.211,31.0,52.0
1630991311.293,33.0,56.0
1630991311.429,30.0,55.0
1630991311.6,11.0,33.0
1630991311.846,45.0,40.0
1630991312.141,26.0,32.0
1630991312.256,33.0,21.0
1630991312.436,33.0,55.0
1630991312.481,16.0,50.0
1630991312.752,47.0,24.0
1630991312.83,32.0,41.0
1630991312.912,1.0,27.0
1630991313.034,15.0,1.0
1630991313.198,32.0,46.0
1630991313.44,12.0,44.0
1630991313.596,27.0,15.0
1630991313.854,23.0,46.0
1630991314.01,23.0,5.0
1630991314.153,46.0,47.0
1630991314.272,33.0,31.0
1630991314.448,43.0,26.0
1630991314.546,17.0,21.0
1630991314.641,5.0,54.0
1630991314.935,16.0,33.0
1630991315.14,1.0,20.0
1630991315.3,4.0,51.0
1630991315.444,31.0,43.0
1630991315.644,42.0,10.0
1630991315.862,4.0,9.0
1630991315.902,31.0,0.0
1630991316.058,32.0,19.0
1630991316.226,45.0,35.0
1630991316.374,38.0,49.0
1630991316.398,7.0,6.0
1630991316.685,45.0,14.0
1630991316.877,42.0,1.0
1630991317.09,46.0,26.0
1630991317.254,40.0,1.0
1630991317.545,9.0,15.0
1630991317.664,36.0,32.0
1630991317.689,31.0,22.0
1630991317.893,27.0,38.0
1630991317.902,13.0,12.0
1630991318.135,49.0,13.0
1630991318.344,36.0,31.0
1630991318.541,28.0,49.0
1630991318.688,17.0,36.0
1630991318.922,9.0,39.0
1630991319.213,14.0,4.0
1630991319.479,6.0,24.0
1630991319.598,25.0,45.0
1630991319.713,10.0,59.0
1630991319.999,48.0,13.0
1630991320.032,34.0,46.0
1630991320.184,10.0,7.0
1630991320.458,20.0,8.0
1630991320.479,7.0,59.0
1630991320.737,11.0,47.0
1630991321.027,10.0,20.0
1630991321.265,28.0,18.0
1630991321.556,15.0,35.0
1630991321.63,47.0,3.0
1630991321.88,39.0,55.0
1630991322.105,14.0,5.0
1630991322.326,30.0,58.0
1630991322.482,9.0,29.0
1630991322.629,15.0,56.0
1630991322.781,41.0,53.0
1630991322.797,44.0,46.0
1630991322.998,33.0,0.0
1630991323.232,3.0,26.0
1630991323.285,12.0,8.0
1630991323.568,37.0,28.0
1630991323.629,4.0,16.0
1630991323.641,14.0,9.0
1630991323.888,16.0,29.0
1630991323.949,28.0,1.0
1630991324.182,12.0,11.0
1630991324.436,10.0,59.0
1630991324.735,42.0,46.0
1630991324.858,44.0,7.0
1630991325.141,37.0,0.0
1630991325.198,28.0,0.0
1630991325.309,12.0,46.0
1630991325.329,36.0,7.0
1630991325.358,37.0,56.0
1630991325.362,2.0,10.0
1630991325.632,0.0,16.0
1630991325.747,15.0,46.0
1630991325.948,27.0,12.0
1630991326.128,36.0,4.0
1630991326.239,37.0,14.0
1630991326.374,23.0,11.0
1630991326.546,27.0,17.0
1630991326.841,16.0,45.0
1630991327.111,12.0,56.0
1630991327.337,7.0,49.0
1630991327.415,0.0,12.0
1630991327.419,13.0,8.0
1630991327.447,0.0,36.0
1630991327.652,15.0,51.0
1630991327.828,47.0,28.0
1630991327.923,9.0,16.0
1630991328.103,25.0,4.0
1630991328.259,19.0,32.0
1630991328.504,7.0,35.0
1630991328.775,4.0,45.0
1630991328.845,37.0,8.0
1630991329.139,20.0,56.0
1630991329.254,42.0,21.0
1630991329.43,3.0,41.0
1630991329.697,19.0,48.0
1630991329.807,26.0,42.0
1630991329.975,23.0,28.0
1630991329.996,1.0,40.0
1630991330.245,12.0,24.0
1630991330.434,15.0,11.0
1630991330.467,19.0,13.0
1630991330.749,27.0,8.0
1630991331.036,11.0,10.0
1630991331.061,7.0,39.0
1630991331.319,10.0,39.0
1630991331.344,27.0,26.0
1630991331.446,15.0,52.0
1630991331.495,12.0,31.0
1630991331.671,41.0,0.0
1630991331.761,31.0,43.0
1630991331.979,35.0,50.0
1630991332.003,19.0,57.0
1630991332.196,14.0,16.0
1630991332.204,36.0,51.0
1630991332.368,42.0,46.0
1630991332.487,27.0,4.0
1630991332.573,7.0,5.0
1630991332.585,6.0,51.0
1630991332.704,44.0,1.0
1630991332.773,33.0,31.0
1630991332.855,36.0,42.0
1630991332.958,19.0,21.0
1630991333.236,9.0,25.0
1630991333.314,32.0,0.0
1630991333.372,19.0,14.0
1630991333.658,9.0,42.0
1630991333.822,33.0,10.0
1630991333.949,0.0,59.0
1630991334.216,47.0,59.0
1630991334.498,13.0,13.0
1630991334.691,24.0,33.0
1630991334.707,45.0,11.0
1630991334.924,19.0,43.0
1630991335.092,17.0,51.0
1630991335.203,15.0,24.0
1630991335.297,49.0,20.0
1630991335.383,23.0,4.0
1630991335.621,21.0,7.0
1630991335.875,2.0,32.0
1630991335.932,12.0,31.0
1630991336.014,0.0,56.0
1630991336.243,17.0,40.0
1630991336.35,10.0,1.0
1630991336.44,13.0,30.0
1630991336.698,4.0,12.0
1630991336.743,23.0,10.0
1630991336.952,7.0,13.0
1630991337.169,22.0,0.0
1630991337.177,21.0,38.0
1630991337.338,31.0,14.0
1630991337.473,32.0,21.0
1630991337.485,33.0,37.0
1630991337.489,9.0,11.0
1630991337.739,10.0,31.0
1630991337.972,9.0,49.0
1630991338.149,25.0,7.0
1630991338.275,30.0,7.0
1630991338.333,22.0,27.0
1630991338.357,47.0,22.0
1630991338.571,14.0,18.0
1630991338.665,19.0,7.0
1630991338.73,24.0,58.0
1630991338.8,32.0,12.0
1630991338.866,29.0,22.0
1630991339.034,48.0,34.0
1630991339.296,34.0,27.0
1630991339.373,0.0,17.0
1630991339.5,20.0,11.0
1630991339.755,38.0,5.0
1630991339.972,9.0,17.0
1630991340.017,8.0,52.0
1630991340.095,49.0,42.0
1630991340.148,13.0,11.0
1630991340.418,21.0,4.0
1630991340.623,36.0,11.0
1630991340.631,22.0,15.0
1630991340.787,7.0,11.0
1630991341.0,32.0,17.0
1630991341.184,0.0,38.0
1630991341.356,4.0,9.0
1630991341.463,10.0,54.0
1630991341.651,8.0,6.0
1630991341.93,33.0,51.0
1630991342.045,33.0,31.0
1630991342.106,21.0,24.0
1630991342.389,18.0,53.0
1630991342.676,40.0,24.0
1630991342.901,11.0,48.0
1630991342.909,15.0,33.0
1630991343.024,31.0,54.0
1630991343.036,32.0,32.0
1630991343.274,29.0,12.0
1630991343.331,18.0,21.0
1630991343.38,35.0,7.0
1630991343.503,43.0,19.0
1630991343.638,3.0,27.0
1630991343.646,2.0,53.0
1630991343.737,19.0,53.0
1630991343.97,23.0,56.0
1630991344.134,18.0,15.0
1630991344.282,29.0,12.0
1630991344.29,38.0,35.0
1630991344.441,5.0,42.0
1630991344.675,46.0,44.0
1630991344.749,43.0,0.0
1630991344.999,48.0,7.0
1630991345.146,47.0,7.0
1630991345.265,39.0,13.0
1630991345.367,16.0,25.0
1630991345.523,14.0,54.0
1630991345.527,17.0,1.0
1630991345.58,0.0,49.0
1630991345.875,4.0,8.0
1630991345.908,10.0,36.0
1630991345.941,32.0,13.0
1630991345.986,1.0,4.0
1630991346.031,36.0,10.0
1630991346.051,34.0,1.0
1630991346.072,22.0,41.0
1630991346.363,43.0,29.0
1630991346.535,29.0,28.0
1630991346.621,35.0,42.0
1630991346.834,28.0,47.0
1630991347.035,25.0,21.0
1630991347.219,16.0,53.0
1630991347.289,10.0,41.0
1630991347.363,12.0,43.0
1630991347.514,28.0,8.0
1630991347.604,7.0,29.0
1630991347.891,5.0,49.0
1630991348.1,39.0,5.0
1630991348.165,36.0,45.0
1630991348.19,9.0,56.0
1630991348.477,34.0,51.0
1630991348.51,16.0,28.0
1630991348.747,15.0,29.0
1630991348.944,37.0,26.0
1630991349.235,40.0,29.0
1630991349.288,46.0,15.0
1630991349.386,0.0,50.0
1630991349.62,44.0,0.0
1630991349.796,38.0,46.0
1630991349.82,3.0,31.0
1630991349.89,25.0,0.0
1630991350.07,49.0,25.0
1630991350.267,19.0,51.0
1630991350.361,39.0,15.0
1630991350.533,45.0,18.0
1630991350.726,29.0,47.0
1630991350.869,46.0,46.0
1630991351.033,45.0,6.0
1630991351.304,19.0,25.0
1630991351.426,30.0,59.0
1630991351.66,26.0,27.0
1630991351.82,24.0,16.0
1630991351.992,48.0,11.0
1630991352.246,39.0,0.0
1630991352.275,6.0,40.0
1630991352.406,38.0,40.0
1630991352.512,28.0,38.0
1630991352.701,44.0,52.0
1630991352.979,6.0,38.0
1630991353.197,5.0,42.0
1630991353.241,9.0,49.0
1630991353.467,0.0,10.0
1630991353.733,42.0,9.0
1630991353.901,42.0,12.0
1630991354.159,24.0,30.0
1630991354.446,5.0,11.0
1630991354.536,6.0,58.0
1630991354.823,0.0,47.0
1630991355.024,41.0,44.0
1630991355.241,33.0,38.0
1630991355.503,16.0,59.0
1630991355.532,2.0,38.0
1630991355.609,31.0,53.0
1630991355.802,47.0,11.0
1630991355.95,47.0,1.0
1630991356.015,29.0,14.0
1630991356.113,10.0,26.0
1630991356.245,21.0,34.0
1630991356.462,41.0,55.0
1630991356.576,47.0,34.0
1630991356.826,24.0,46.0
1630991357.043,29.0,46.0
1630991357.121,1.0,17.0
1630991357.375,37.0,30.0
1630991357.445,31.0,54.0
1630991357.617,47.0,11.0
1630991357.793,13.0,59.0
1630991358.023,12.0,43.0
1630991358.26,48.0,9.0
1630991358.445,9.0,3.0
1630991358.641,49.0,44.0
1630991358.817,33.0,24.0
1630991358.879,13.0,41.0
1630991359.1,1.0,21.0
1630991359.145,12.0,48.0
1630991359.227,3.0,34.0
1630991359.444,6.0,16.0
1630991359.526,11.0,57.0
1630991359.563,39.0,40.0
1630991359.682,27.0,38.0
1630991359.801,47.0,20.0
1630991359.838,35.0,2.0
1630991359.944,40.0,32.0
1630991360.12,24.0,26.0
1630991360.251,14.0,7.0
1630991360.296,42.0,56.0
1630991360.362,18.0,50.0
1630991360.477,46.0,53.0
1630991360.735,7.0,37.0
1630991360.796,15.0,34.0
1630991360.833,30.0,53.0
1630991360.862,11.0,11.0
1630991360.907,48.0,42.0
1630991361.034,21.0,48.0
1630991361.313,23.0,45.0
1630991361.529,42.0,2.0
1630991361.718,18.0,24.0
1630991361.968,44.0,29.0
1630991362.181,47.0,42.0
1630991362.435,10.0,42.0
1630991362.525,6.0,57.0
1630991362.562,39.0,6.0
1630991362.82,7.0,1.0
1630991362.959,12.0,27.0
1630991363.008,13.0,3.0
1630991363.14,25.0,56.0
1630991363.213,47.0,54.0
1630991363.254,21.0,57.0
1630991363.426,31.0,46.0
1630991363.463,32.0,25.0
1630991363.656,24.0,49.0
1630991363.897,31.0,18.0
1630991364.078,27.0,33.0
1630991364.147,8.0,50.0
1630991364.27,47.0,46.0
1630991364.283,41.0,59.0
1630991364.52,33.0,54.0
1630991364.537,35.0,10.0
1630991364.713,46.0,23.0
1630991364.852,41.0,31.0
1630991364.905,39.0,20.0
1630991365.188,17.0,17.0
1630991365.213,2.0,49.0
1630991365.421,0.0,27.0
1630991365.708,32.0,19.0
1630991365.995,15.0,9.0
1630991366.188,0.0,44.0
1630991366.302,7.0,39.0
1630991366.577,7.0,5.0
1630991366.855,14.0,40.0
1630991366.978,35.0,29.0
1630991367.077,43.0,26.0
1630991367.253,13.0,23.0
1630991367.494,1.0,57.0
1630991367.765,42.0,24.0
1630991368.06,11.0,33.0
1630991368.339,27.0,19.0
1630991368.56,49.0,20.0
1630991368.633,5.0,13.0
1630991368.67,15.0,42.0
1630991368.719,21.0,27.0
1630991368.883,3.0,44.0
1630991369.117,28.0,50.0
1630991369.268,45.0,26.0
1630991369.461,15.0,58.0
1630991369.547,14.0,16.0
1630991369.658,48.0,3.0
1630991369.715,12.0,37.0
1630991369.858,12.0,26.0
1630991369.916,35.0,15.0
1630991369.973,49.0,37.0
1630991370.211,30.0,24.0
1630991370.358,21.0,16.0
1630991370.563,43.0,33.0
1630991370.846,5.0,18.0
1630991370.928,5.0,55.0
1630991371.059,34.0,7.0
1630991371.247,44.0,3.0
1630991371.452,0.0,59.0
1630991371.46,14.0,54.0
1630991371.624,45.0,18.0
1630991371.817,20.0,5.0
1630991371.952,49.0,14.0
1630991372.161,29.0,53.0
1630991372.345,36.0,20.0
1630991372.526,36.0,6.0
1630991372.603,4.0,26.0
1630991372.71,7.0,44.0
1630991372.894,44.0,39.0
1630991372.943,6.0,28.0
1630991373.165,42.0,57.0
1630991373.255,2.0,40.0
1630991373.378,31.0,42.0
1630991373.57,1.0,13.0
1630991373.611,3.0,14.0
1630991373.709,19.0,19.0
1630991373.869,5.0,34.0
1630991373.988,7.0,27.0
1630991374.246,16.0,1.0
1630991374.32,1.0,3.0
1630991374.332,26.0,48.0
1630991374.517,19.0,9.0
1630991374.685,49.0,24.0
1630991374.693,45.0,42.0
1630991374.811,18.0,11.0
1630991374.967,34.0,40.0
1630991375.242,34.0,34.0
1630991375.365,19.0,27.0
1630991375.434,45.0,56.0
1630991375.672,47.0,41.0
1630991375.848,4.0,48.0
1630991376.053,45.0,17.0
1630991376.295,8.0,49.0
1630991376.499,47.0,14.0
1630991376.786,11.0,33.0
1630991377.008,4.0,40.0
1630991377.086,21.0,39.0
1630991377.155,49.0,21.0
1630991377.348,38.0,9.0
1630991377.487,29.0,12.0
1630991377.684,27.0,15.0
1630991377.983,23.0,46.0
1630991378.241,12.0,28.0
1630991378.409,11.0,58.0
1630991378.679,11.0,42.0
1630991378.909,45.0,19.0
1630991379.134,26.0,57.0
1630991379.142,17.0,36.0
1630991379.433,29.0,49.0
1630991379.511,9.0,41.0
1630991379.802,16.0,40.0
1630991380.048,18.0,14.0
1630991380.322,41.0,3.0
1630991380.543,14.0,16.0
1630991380.555,43.0,14.0
1630991380.699,20.0,40.0
1630991380.953,3.0,58.0
1630991381.199,38.0,18.0
1630991381.412,34.0,15.0
1630991381.596,7.0,9.0
1630991381.83,35.0,36.0
1630991381.866,13.0,27.0
1630991382.026,25.0,5.0
1630991382.243,24.0,11.0
1630991382.514,16.0,30.0
1630991382.665,4.0,21.0
1630991382.932,39.0,50.0
1630991383.067,20.0,0.0
1630991383.317,35.0,51.0
1630991383.546,22.0,43.0
1630991383.567,6.0,31.0
1630991383.821,5.0,44.0
1630991383.981,8.0,11.0
1630991384.181,48.0,44.0
1630991384.206,8.0,44.0
1630991384.259,38.0,45.0
1630991384.554,18.0,22.0
1630991384.673,18.0,42.0
1630991384.96,48.0,42.0
1630991385.206,24.0,27.0
1630991385.23,45.0,46.0
1630991385.345,4.0,50.0
1630991385.55,0.0,34.0
1630991385.734,13.0,4.0
1630991386.029,17.0,2.0
1630991386.14,9.0,3.0
1630991386.336,14.0,57.0
1630991386.369,12.0,26.0
1630991386.484,40.0,19.0
1630991386.742,34.0,33.0
1630991386.84,7.0,42.0
1630991387.123,22.0,18.0
1630991387.41,12.0,44.0
1630991387.455,42.0,13.0
1630991387.639,19.0,7.0
1630991387.7,49.0,36.0
1630991387.741,2.0,17.0
1630991387.827,37.0,43.0
1630991388.028,13.0,29.0
1630991388.163,3.0,21.0
1630991388.364,32.0,36.0
1630991388.491,33.0,29.0
1630991388.757,46.0,55.0
1630991388.917,30.0,58.0
1630991388.97,11.0,49.0
1630991389.253,28.0,6.0
1630991389.47,44.0,41.0
1630991389.651,31.0,2.0
1630991389.741,31.0,16.0
1630991389.884,8.0,37.0
1630991390.036,45.0,59.0
1630991390.265,31.0,51.0
1630991390.445,27.0,28.0
1630991390.601,6.0,12.0
1630991390.663,46.0,52.0
1630991390.703,1.0,30.0
1630991390.871,37.0,30.0
1630991390.9,41.0,17.0
1630991391.019,46.0,41.0
1630991391.027,39.0,9.0
1630991391.203,44.0,48.0
1630991391.498,38.0,43.0
1630991391.531,29.0,49.0
1630991391.662,23.0,54.0
1630991391.748,21.0,10.0
1630991392.002,7.0,2.0
1630991392.018,28.0,8.0
1630991392.133,41.0,57.0
1630991392.236,47.0,37.0
1630991392.51,14.0,16.0
1630991392.699,20.0,35.0
1630991392.879,24.0,36.0
1630991393.129,36.0,52.0
1630991393.305,12.0,23.0
1630991393.567,48.0,19.0
1630991393.784,7.0,40.0
1630991393.895,2.0,22.0
1630991394.1,26.0,26.0
1630991394.321,42.0,55.0
1630991394.423,14.0,22.0
1630991394.514,42.0,38.0
1630991394.6,46.0,42.0
1630991394.739,6.0,32.0
1630991394.915,23.0,43.0
1630991395.013,31.0,34.0
1630991395.263,19.0,17.0
1630991395.316,12.0,12.0
1630991395.378,49.0,18.0
1630991395.657,28.0,27.0
1630991395.927,21.0,45.0
1630991396.193,6.0,10.0
1630991396.275,10.0,25.0
1630991396.41,7.0,20.0
1630991396.632,33.0,45.0
1630991396.865,40.0,0.0
1630991396.959,31.0,53.0
1630991397.078,21.0,8.0
1630991397.271,28.0,6.0
1630991397.558,26.0,23.0
1630991397.734,11.0,16.0
1630991397.996,3.0,19.0
1630991398.066,10.0,22.0
1630991398.07,30.0,0.0
1630991398.098,19.0,20.0
1630991398.112,9.0,7.0
1630991398.238,25.0,54.0
1630991398.356,17.0,25.0
1630991398.565,20.0,10.0
1630991398.701,33.0,26.0
1630991398.774,10.0,19.0
1630991398.914,21.0,1.0
1630991399.213,10.0,41.0
1630991399.356,35.0,53.0
1630991399.61,31.0,3.0
1630991399.631,20.0,31.0
1630991399.643,17.0,29.0
1630991399.905,15.0,17.0
1630991400.114,17.0,28.0
1630991400.122,11.0,17.0
1630991400.159,45.0,33.0
1630991400.27,40.0,3.0
1630991400.503,15.0,11.0
1630991400.68,35.0,44.0
1630991400.864,15.0,40.0
1630991401.052,14.0,51.0
1630991401.11,35.0,19.0
1630991401.261,19.0,58.0
1630991401.29,19.0,50.0
1630991401.585,32.0,43.0
1630991401.65,43.0,54.0
1630991401.72,6.0,11.0
1630991401.868,27.0,18.0
1630991401.929,15.0,58.0
1630991401.941,31.0,31.0
1630991401.953,12.0,12.0
1630991402.232,23.0,39.0
1630991402.302,28.0,21.0
1630991402.445,9.0,31.0
1630991402.687,3.0,6.0
1630991402.875,47.0,6.0
1630991403.084,12.0,24.0
1630991403.138,3.0,1.0
1630991403.351,7.0,8.0
1630991403.441,6.0,14.0
1630991403.682,13.0,33.0
1630991403.912,16.0,34.0
1630991404.166,16.0,50.0
1630991404.24,19.0,49.0
1630991404.334,31.0,45.0
1630991404.342,18.0,26.0
1630991404.457,12.0,7.0
1630991404.498,38.0,32.0
1630991404.616,43.0,26.0
1630991404.85,6.0,50.0
1630991405.076,10.0,29.0
1630991405.268,15.0,51.0
1630991405.534,41.0,19.0
1630991405.719,12.0,5.0
1630991405.981,40.0,39.0
1630991406.087,40.0,36.0
1630991406.329,9.0,50.0
1630991406.6,13.0,47.0
1630991406.845,14.0,36.0
1630991406.886,27.0,53.0
1630991407.066,44.0,44.0
1630991407.173,41.0,36.0
1630991407.37,23.0,0.0
1630991407.558,40.0,12.0
1630991407.619,3.0,41.0
1630991407.792,30.0,53.0
1630991408.05,39.0,16.0
1630991408.152,23.0,53.0
1630991408.164,19.0,7.0
1630991408.189,31.0,15.0
1630991408.197,39.0,45.0
1630991408.361,26.0,52.0
1630991408.611,38.0,24.0
1630991408.697,19.0,39.0
1630991408.705,34.0,53.0
1630991408.947,46.0,38.0
1630991409.201,42.0,24.0
1630991409.303,37.0,20.0
1630991409.328,43.0,43.0
1630991409.582,24.0,34.0
1630991409.844,8.0,9.0
1630991409.967,6.0,12.0
1630991410.233,13.0,41.0
1630991410.405,35.0,0.0
1630991410.43,38.0,34.0
1630991410.524,9.0,59.0
1630991410.823,10.0,41.0
1630991411.057,46.0,9.0
1630991411.09,41.0,8.0
1630991411.172,39.0,0.0
1630991411.249,8.0,43.0
1630991411.459,40.0,55.0
1630991411.626,10.0,50.0
1630991411.762,5.0,13.0
1630991412.057,44.0,28.0
1630991412.106,11.0,26.0
1630991412.233,29.0,49.0
1630991412.515,25.0,30.0
1630991412.692,14.0,28.0
1630991412.843,31.0,53.0
1630991412.982,4.0,48.0
1630991413.151,1.0,5.0
1630991413.232,26.0,13.0
1630991413.396,8.0,32.0
1630991413.613,41.0,16.0
1630991413.703,39.0,45.0
1630991413.736,1.0,29.0
1630991413.97,23.0,15.0
1630991414.162,23.0,41.0
1630991414.212,0.0,55.0
1630991414.461,22.0,7.0
1630991414.728,40.0,47.0
1630991414.9,15.0,23.0
1630991414.937,8.0,32.0
1630991415.055,14.0,33.0
1630991415.293,34.0,20.0
1630991415.379,17.0,41.0
1630991415.629,31.0,19.0
1630991415.703,10.0,40.0
1630991415.707,14.0,1.0
1630991415.838,34.0,39.0
1630991415.953,22.0,43.0
1630991416.19,5.0,12.0
1630991416.342,26.0,19.0
1630991416.477,44.0,17.0
1630991416.551,21.0,11.0
1630991416.739,2.0,42.0
1630991416.752,10.0,54.0
1630991416.928,39.0,6.0
1630991417.014,32.0,27.0
1630991417.182,2.0,17.0
1630991417.219,24.0,36.0
1630991417.403,27.0,51.0
1630991417.436,20.0,4.0
1630991417.595,46.0,42.0
1630991417.792,46.0,31.0
1630991417.8,27.0,2.0
1630991417.956,48.0,46.0
1630991418.108,37.0,0.0
1630991418.37,10.0,1.0
1630991418.624,28.0,40.0
1630991418.792,1.0,53.0
1630991419.046,7.0,12.0
1630991419.271,8.0,40.0
1630991419.37,46.0,17.0
1630991419.517,1.0,4.0
1630991419.763,14.0,23.0
1630991419.824,29.0,40.0
1630991420.078,39.0,27.0
1630991420.144,40.0,0.0
1630991420.328,2.0,30.0
1630991420.492,32.0,10.0
1630991420.521,34.0,23.0
1630991420.541,14.0,7.0
1630991420.791,26.0,52.0
1630991420.877,6.0,18.0
1630991420.992,4.0,39.0
1630991421.266,28.0,34.0
1630991421.304,22.0,6.0
1630991421.566,26.0,4.0
1630991421.741,29.0,40.0
1630991421.836,6.0,33.0
1630991421.992,24.0,57.0
1630991422.057,23.0,43.0
1630991422.192,43.0,21.0
1630991422.323,8.0,42.0
1630991422.459,31.0,41.0
1630991422.733,22.0,54.0
1630991422.917,31.0,17.0
1630991422.938,46.0,16.0
1630991423.098,25.0,29.0
1630991423.143,43.0,23.0
1630991423.262,17.0,4.0
1630991423.384,5.0,58.0
1630991423.667,5.0,0.0
1630991423.868,0.0,15.0
1630991424.089,41.0,48.0
1630991424.175,15.0,57.0
1630991424.286,28.0,9.0
1630991424.437,33.0,51.0
1630991424.626,28.0,34.0
1630991424.753,2.0,45.0
1630991425.003,39.0,35.0
1630991425.126,9.0,43.0
1630991425.134,42.0,38.0
1630991425.359,25.0,17.0
1630991425.474,38.0,24.0
1630991425.576,41.0,21.0
1630991425.703,21.0,40.0
1630991425.892,16.0,31.0
1630991426.084,47.0,29.0
1630991426.092,21.0,4.0
1630991426.339,41.0,36.0
1630991426.605,18.0,39.0
1630991426.625,29.0,2.0
1630991426.85,11.0,22.0
1630991426.953,30.0,38.0
1630991427.1,49.0,34.0
1630991427.223,25.0,17.0
1630991427.461,8.0,3.0
1630991427.715,34.0,14.0
1630991427.813,45.0,39.0
1630991428.018,23.0,30.0
1630991428.034,4.0,18.0
1630991428.096,13.0,20.0
1630991428.338,42.0,31.0
1630991428.346,36.0,2.0
1630991428.62,31.0,0.0
1630991428.645,30.0,29.0
1630991428.924,23.0,35.0
1630991428.932,15.0,45.0
1630991429.1,13.0,52.0
1630991429.268,25.0,27.0
1630991429.349,46.0,7.0
1630991429.477,14.0,34.0
1630991429.706,16.0,6.0
1630991429.927,11.0,42.0
1630991430.112,19.0,40.0
1630991430.325,32.0,51.0
1630991430.365,40.0,13.0
1630991430.423,46.0,16.0
1630991430.529,1.0,58.0
1630991430.55,9.0,0.0
1630991430.607,0.0,8.0
1630991430.845,45.0,0.0
1630991430.886,19.0,24.0
1630991431.074,45.0,57.0
1630991431.181,40.0,58.0
1630991431.377,23.0,6.0
1630991431.644,35.0,48.0
1630991431.742,30.0,34.0
1630991431.754,22.0,37.0
1630991431.939,28.0,14.0
1630991432.0,8.0,22.0
1630991432.185,40.0,5.0
1630991432.373,19.0,52.0
1630991432.422,49.0,50.0
1630991432.631,26.0,46.0
1630991432.906,43.0,12.0
1630991433.184,23.0,13.0
1630991433.332,37.0,25.0
1630991433.471,23.0,23.0
1630991433.532,8.0,8.0
1630991433.622,13.0,20.0
1630991433.745,30.0,20.0
1630991433.938,43.0,28.0
1630991433.946,19.0,23.0
1630991433.987,49.0,19.0
1630991434.225,10.0,43.0
1630991434.487,46.0,23.0
1630991434.54,35.0,29.0
1630991434.729,1.0,46.0
1630991434.811,33.0,47.0
1630991435.098,44.0,31.0
1630991435.294,30.0,19.0
1630991435.524,33.0,6.0
1630991435.724,27.0,27.0
1630991435.778,27.0,48.0
1630991435.999,37.0,55.0
1630991436.085,29.0,35.0
1630991436.249,6.0,50.0
1630991436.449,47.0,46.0
1630991436.663,28.0,13.0
1630991436.9,30.0,11.0
1630991437.101,24.0,21.0
1630991437.215,15.0,58.0
1630991437.265,29.0,22.0
1630991437.273,31.0,49.0
1630991437.318,7.0,31.0
1630991437.617,34.0,51.0
1630991437.764,33.0,2.0
1630991437.826,22.0,13.0
1630991438.031,31.0,6.0
1630991438.064,45.0,57.0
1630991438.351,24.0,47.0
1630991438.646,17.0,36.0
1630991438.813,11.0,17.0
1630991438.965,2.0,38.0
1630991439.137,23.0,28.0
1630991439.26,1.0,28.0
1630991439.354,18.0,43.0
1630991439.596,48.0,7.0
1630991439.674,43.0,20.0
1630991439.719,8.0,16.0
1630991439.932,33.0,16.0
1630991440.006,42.0,15.0
1630991440.19,31.0,25.0
1630991440.198,41.0,40.0
1630991440.296,22.0,13.0
1630991440.428,29.0,2.0
1630991440.513,32.0,34.0
1630991440.776,38.0,17.0
1630991441.026,4.0,20.0
1630991441.239,18.0,10.0
1630991441.444,34.0,3.0
1630991441.595,40.0,43.0
1630991441.665,48.0,39.0
1630991441.763,17.0,17.0
1630991441.861,29.0,35.0
1630991442.025,34.0,54.0
1630991442.169,4.0,50.0
1630991442.173,14.0,36.0
1630991442.283,31.0,30.0
1630991442.316,47.0,4.0
1630991442.587,39.0,8.0
1630991442.878,42.0,43.0
1630991442.894,10.0,57.0
1630991443.103,24.0,24.0
1630991443.238,27.0,57.0
1630991443.349,37.0,24.0
1630991443.467,1.0,30.0
1630991443.726,14.0,35.0
1630991443.746,21.0,55.0
1630991444.041,4.0,18.0
1630991444.111,12.0,6.0
1630991444.365,41.0,27.0
1630991444.635,38.0,23.0
1630991444.799,22.0,31.0
1630991444.967,32.0,53.0
1630991445.073,24.0,49.0
1630991445.315,10.0,1.0
1630991445.61,17.0,18.0
1630991445.647,24.0,19.0
1630991445.93,34.0,5.0
1630991446.229,25.0,26.0
1630991446.515,2.0,41.0
1630991446.794,15.0,39.0
1630991446.823,18.0,18.0
1630991447.081,17.0,6.0
1630991447.208,45.0,54.0
1630991447.323,19.0,14.0
1630991447.351,20.0,54.0
1630991447.409,18.0,41.0
1630991447.585,30.0,19.0
1630991447.647,15.0,34.0
1630991447.843,29.0,22.0
1630991447.859,27.0,40.0
1630991448.007,5.0,42.0
1630991448.081,15.0,36.0
1630991448.277,48.0,53.0
1630991448.355,26.0,22.0
1630991448.597,33.0,9.0
1630991448.744,8.0,1.0
1630991448.937,8.0,25.0
1630991449.092,19.0,46.0
1630991449.121,30.0,12.0
1630991449.318,11.0,16.0
1630991449.404,27.0,12.0
1630991449.576,6.0,24.0
1630991449.662,38.0,54.0
1630991449.801,7.0,31.0
1630991449.912,33.0,16.0
1630991450.08,10.0,31.0
1630991450.133,21.0,11.0
1630991450.162,10.0,3.0
1630991450.338,38.0,7.0
1630991450.379,0.0,59.0
1630991450.498,1.0,59.0
1630991450.506,31.0,48.0
1630991450.699,10.0,4.0
1630991450.903,4.0,27.0
1630991451.047,35.0,43.0
1630991451.227,23.0,1.0
1630991451.276,38.0,51.0
1630991451.411,44.0,11.0
1630991451.415,12.0,37.0
1630991451.592,3.0,5.0
1630991451.862,19.0,39.0
1630991452.026,26.0,56.0
1630991452.173,8.0,18.0
1630991452.182,40.0,7.0
1630991452.452,39.0,39.0
1630991452.645,25.0,16.0
1630991452.747,40.0,42.0
1630991452.866,37.0,48.0
1630991453.091,21.0,4.0
1630991453.185,33.0,28.0
1630991453.398,6.0,1.0
1630991453.46,5.0,48.0
1630991453.57,43.0,4.0
1630991453.796,5.0,26.0
1630991453.992,3.0,40.0
1630991454.115,15.0,31.0
1630991454.332,46.0,12.0
1630991454.365,44.0,29.0
1630991454.558,25.0,3.0
1630991454.828,9.0,15.0
1630991455.021,43.0,55.0
1630991455.197,45.0,12.0
1630991455.25,6.0,26.0
1630991455.496,16.0,18.0
1630991455.619,17.0,58.0
1630991455.885,10.0,21.0
1630991456.0,31.0,21.0
1630991456.09,33.0,55.0
1630991456.389,45.0,17.0
1630991456.451,6.0,55.0
1630991456.643,19.0,32.0
1630991456.885,16.0,31.0
1630991457.073,32.0,36.0
1630991457.294,8.0,33.0
1630991457.512,17.0,25.0
1630991457.577,34.0,47.0
1630991457.811,10.0,14.0
1630991457.975,23.0,6.0
1630991458.257,41.0,13.0
1630991458.544,49.0,43.0
1630991458.835,2.0,4.0
1630991459.093,47.0,48.0
1630991459.343,40.0,4.0
1630991459.454,48.0,44.0
1630991459.466,44.0,13.0
1630991459.658,2.0,33.0
1630991459.757,10.0,4.0
1630991459.83,7.0,58.0
1630991459.888,40.0,47.0
1630991459.904,19.0,15.0
1630991460.183,35.0,42.0
1630991460.384,39.0,25.0
1630991460.658,45.0,21.0
1630991460.748,6.0,23.0
1630991461.039,4.0,9.0
1630991461.285,34.0,49.0
1630991461.453,37.0,47.0
1630991461.563,12.0,17.0
1630991461.67,2.0,57.0
1630991461.924,4.0,3.0
1630991462.17,11.0,5.0
1630991462.371,5.0,27.0
1630991462.416,19.0,48.0
1630991462.661,20.0,38.0
1630991462.838,28.0,41.0
1630991462.94,45.0,19.0
1630991463.067,7.0,40.0
1630991463.268,7.0,24.0
1630991463.428,36.0,24.0
1630991463.665,46.0,41.0
1630991463.694,33.0,34.0
1630991463.858,35.0,30.0
1630991463.972,29.0,50.0
1630991464.013,16.0,19.0
1630991464.227,7.0,29.0
1630991464.485,23.0,32.0
1630991464.567,12.0,55.0
1630991464.751,25.0,52.0
1630991464.923,14.0,25.0
1630991464.984,42.0,28.0
1630991465.107,12.0,18.0
1630991465.341,45.0,3.0
1630991465.455,23.0,5.0
1630991465.574,40.0,18.0
1630991465.623,8.0,2.0
1630991465.73,4.0,4.0
1630991465.845,18.0,4.0
1630991466.066,45.0,43.0
1630991466.164,36.0,58.0
1630991466.271,27.0,57.0
1630991466.558,13.0,56.0
1630991466.644,13.0,19.0
1630991466.82,42.0,24.0
1630991466.893,37.0,26.0
1630991467.18,17.0,34.0
1630991467.188,25.0,26.0
1630991467.197,19.0,14.0
1630991467.365,21.0,6.0
1630991467.451,41.0,9.0
1630991467.664,45.0,53.0
1630991467.77,28.0,8.0
1630991468.049,45.0,38.0
1630991468.07,24.0,50.0
1630991468.332,36.0,31.0
1630991468.573,2.0,27.0
1630991468.717,18.0,33.0
1630991468.889,31.0,43.0
1630991469.143,48.0,52.0
1630991469.331,33.0,54.0
1630991469.52,39.0,7.0
1630991469.782,36.0,31.0
1630991470.019,8.0,14.0
1630991470.216,23.0,1.0
1630991470.454,24.0,32.0
1630991470.462,30.0,11.0
1630991470.491,41.0,25.0
1630991470.728,11.0,43.0
1630991470.884,23.0,29.0
1630991471.109,13.0,29.0
1630991471.191,10.0,5.0
1630991471.265,47.0,50.0
1630991471.503,9.0,55.0
1630991471.597,30.0,27.0
1630991471.851,28.0,55.0
1630991471.953,1.0,16.0
1630991472.133,41.0,43.0
1630991472.252,6.0,20.0
1630991472.371,37.0,47.0
1630991472.392,16.0,48.0
1630991472.531,31.0,45.0
1630991472.686,6.0,31.0
1630991472.809,9.0,44.0
1630991472.912,8.0,26.0
1630991473.178,6.0,26.0
1630991473.301,9.0,49.0
1630991473.527,29.0,44.0
1630991473.649,38.0,20.0
1630991473.924,47.0,3.0
1630991473.953,13.0,11.0
1630991474.161,9.0,12.0
1630991474.194,48.0,57.0
1630991474.198,37.0,26.0
1630991474.469,36.0,46.0
1630991474.727,28.0,19.0
1630991474.948,16.0,37.0
1630991475.145,43.0,12.0
1630991475.206,25.0,0.0
1630991475.239,49.0,33.0
1630991475.476,26.0,54.0
1630991475.755,28.0,49.0
1630991475.911,20.0,35.0
1630991476.153,43.0,19.0
1630991476.267,34.0,21.0
1630991476.484,2.0,58.0
1630991476.533,48.0,30.0
1630991476.677,9.0,59.0
1630991476.956,28.0,17.0
1630991477.169,39.0,7.0
1630991477.238,7.0,36.0
1630991477.296,20.0,32.0
1630991477.369,12.0,51.0
1630991477.554,43.0,30.0
1630991477.668,5.0,40.0
1630991477.816,13.0,44.0
1630991477.824,7.0,17.0
1630991477.832,17.0,15.0
1630991477.992,49.0,59.0
1630991478.172,42.0,27.0
1630991478.262,41.0,9.0
1630991478.312,19.0,41.0
1630991478.479,5.0,37.0
1630991478.742,3.0,2.0
1630991478.844,30.0,29.0
1630991478.934,6.0,27.0
1630991479.074,1.0,12.0
1630991479.164,3.0,35.0
1630991479.209,4.0,20.0
1630991479.393,29.0,52.0
1630991479.532,0.0,5.0
1630991479.574,38.0,36.0
1630991479.807,27.0,22.0
1630991479.93,48.0,18.0
1630991480.045,40.0,9.0
1630991480.229,33.0,1.0
1630991480.417,29.0,54.0
1630991480.589,7.0,25.0
1630991480.86,11.0,9.0
1630991481.04,42.0,34.0
1630991481.052,10.0,4.0
1630991481.351,37.0,32.0
1630991481.368,26.0,26.0
1630991481.478,48.0,13.0
1630991481.593,38.0,6.0
1630991481.606,18.0,27.0
1630991481.741,40.0,45.0
1630991481.982,36.0,44.0
1630991482.126,8.0,1.0
1630991482.306,27.0,37.0
1630991482.527,9.0,5.0
1630991482.667,19.0,55.0
1630991482.941,14.0,51.0
1630991483.126,9.0,55.0
1630991483.244,5.0,59.0
1630991483.515,49.0,6.0
1630991483.568,49.0,31.0
1630991483.748,13.0,24.0
1630991483.916,0.0,46.0
1630991484.035,11.0,51.0
1630991484.322,49.0,28.0
1630991484.416,9.0,39.0
1630991484.605,1.0,10.0
1630991484.842,21.0,2.0
1630991484.846,35.0,41.0
1630991484.899,22.0,7.0
1630991484.994,16.0,49.0
1630991485.194,18.0,43.0
1630991485.411,5.0,28.0
1630991485.494,47.0,2.0
1630991485.576,14.0,20.0
1630991485.694,47.0,14.0
1630991485.936,25.0,17.0
1630991486.12,8.0,41.0
1630991486.124,42.0,0.0
1630991486.378,47.0,36.0
1630991486.423,16.0,19.0
1630991486.469,24.0,9.0
1630991486.706,39.0,3.0
1630991486.931,25.0,1.0
1630991486.968,23.0,15.0
1630991487.026,22.0,25.0
1630991487.239,18.0,48.0
1630991487.284,38.0,45.0
1630991487.53,49.0,46.0
1630991487.595,24.0,39.0
1630991487.849,33.0,35.0
1630991487.98,36.0,29.0
1630991487.997,17.0,39.0
1630991488.279,3.0,14.0
1630991488.349,15.0,6.0
1630991488.402,35.0,38.0
1630991488.681,3.0,36.0
1630991488.935,46.0,12.0
1630991489.111,44.0,12.0
1630991489.394,16.0,24.0
1630991489.582,43.0,32.0
1630991489.607,26.0,41.0
1630991489.828,35.0,42.0
1630991489.934,13.0,18.0
1630991489.963,33.0,15.0
1630991490.012,8.0,48.0
1630991490.07,16.0,53.0
1630991490.107,16.0,29.0
1630991490.221,42.0,1.0
1630991490.365,47.0,1.0
1630991490.43,7.0,7.0
1630991490.545,23.0,31.0
1630991490.844,22.0,13.0
1630991490.95,8.0,28.0
1630991491.163,37.0,35.0
1630991491.422,5.0,8.0
1630991491.602,24.0,34.0
1630991491.721,7.0,38.0
1630991491.749,41.0,13.0
1630991491.913,44.0,12.0
1630991492.114,47.0,43.0
1630991492.212,30.0,25.0
1630991492.36,14.0,46.0
1630991492.622,42.0,6.0
1630991492.692,34.0,39.0
1630991492.987,39.0,7.0
1630991493.212,27.0,36.0
1630991493.228,16.0,16.0
1630991493.351,46.0,48.0
1630991493.572,9.0,50.0
1630991493.659,28.0,18.0
1630991493.896,22.0,13.0
1630991494.019,27.0,5.0
1630991494.134,30.0,29.0
1630991494.248,5.0,20.0
1630991494.408,48.0,54.0
1630991494.478,30.0,8.0
1630991494.486,15.0,7.0
1630991494.765,14.0,44.0
1630991494.945,32.0,8.0
1630991495.06,34.0,56.0
1630991495.203,39.0,59.0
1630991495.252,11.0,31.0
1630991495.268,7.0,51.0
1630991495.42,32.0,55.0
1630991495.486,6.0,9.0
1630991495.543,28.0,51.0
1630991495.584,18.0,3.0
1630991495.642,29.0,55.0
1630991495.936,14.0,52.0
1630991496.227,10.0,9.0
1630991496.248,28.0,48.0
1630991496.535,9.0,31.0
1630991496.744,45.0,42.0
1630991496.813,34.0,16.0
1630991496.891,10.0,0.0
1630991497.01,46.0,47.0
1630991497.264,30.0,38.0
1630991497.333,26.0,59.0
1630991497.489,29.0,26.0
1630991497.6,8.0,44.0
1630991497.809,33.0,25.0
1630991497.858,36.0,41.0
1630991498.026,11.0,0.0
1630991498.145,20.0,59.0
1630991498.153,45.0,3.0
1630991498.182,27.0,17.0
1630991498.472,2.0,6.0
1630991498.747,46.0,29.0
1630991498.964,40.0,56.0
1630991499.116,23.0,44.0
1630991499.349,6.0,10.0
1630991499.546,4.0,7.0
1630991499.607,46.0,9.0
1630991499.824,19.0,19.0
1630991499.964,13.0,47.0
1630991500.148,32.0,2.0
1630991500.39,5.0,38.0
1630991500.533,6.0,56.0
1630991500.767,48.0,49.0
1630991500.787,5.0,17.0
1630991500.984,1.0,34.0
1630991501.267,26.0,25.0
1630991501.336,8.0,14.0
1630991501.541,16.0,5.0
1630991501.733,10.0,9.0
1630991501.865,30.0,40.0
1630991501.963,12.0,26.0
1630991502.053,37.0,16.0
1630991502.188,33.0,49.0
1630991502.463,9.0,56.0
1630991502.647,8.0,19.0
1630991502.807,24.0,0.0
1630991502.963,38.0,17.0
1630991503.098,32.0,39.0
1630991503.364,41.0,24.0
1630991503.647,22.0,40.0
1630991503.815,40.0,24.0
1630991504.085,36.0,46.0
1630991504.155,38.0,12.0
1630991504.446,47.0,51.0
1630991504.45,33.0,9.0
1630991504.7,44.0,50.0
1630991504.876,18.0,21.0
1630991505.146,24.0,58.0
1630991505.212,1.0,10.0
1630991505.372,14.0,13.0
1630991505.63,44.0,0.0
1630991505.72,20.0,21.0
1630991505.884,32.0,41.0
1630991505.99,0.0,5.0
1630991506.089,12.0,41.0
1630991506.175,30.0,19.0
1630991506.4,30.0,25.0
1630991506.482,13.0,45.0
1630991506.683,4.0,27.0
1630991506.973,27.0,11.0
1630991507.252,6.0,48.0
1630991507.334,25.0,53.0
1630991507.383,25.0,41.0
1630991507.555,3.0,8.0
1630991507.592,3.0,35.0
1630991507.813,21.0,59.0
1630991507.826,46.0,17.0
1630991507.834,11.0,20.0
1630991508.088,18.0,49.0
1630991508.358,28.0,14.0
1630991508.444,3.0,42.0
1630991508.694,15.0,24.0
1630991508.797,10.0,38.0
1630991508.932,14.0,47.0
1630991509.063,45.0,3.0
1630991509.067,2.0,9.0
1630991509.354,13.0,31.0
1630991509.46,29.0,6.0
1630991509.612,44.0,18.0
1630991509.85,4.0,58.0
1630991510.104,23.0,0.0
1630991510.218,5.0,53.0
1630991510.317,33.0,44.0
1630991510.419,30.0,1.0
1630991510.652,2.0,49.0
1630991510.853,19.0,57.0
1630991511.087,49.0,19.0
1630991511.132,19.0,32.0
1630991511.341,6.0,8.0
1630991511.496,14.0,33.0
1630991511.677,46.0,6.0
1630991511.804,44.0,4.0
1630991511.82,17.0,19.0
1630991511.988,35.0,34.0
1630991511.996,41.0,20.0
1630991512.004,38.0,0.0
1630991512.099,7.0,31.0
1630991512.23,13.0,31.0
1630991512.492,11.0,59.0
1630991512.497,21.0,48.0
1630991512.721,9.0,4.0
1630991512.754,32.0,37.0
1630991512.811,20.0,12.0
1630991513.02,31.0,59.0
1630991513.188,6.0,53.0
1630991513.377,14.0,51.0
1630991513.668,28.0,25.0
1630991513.877,35.0,57.0
1630991513.938,43.0,34.0
1630991514.147,38.0,15.0
1630991514.266,25.0,4.0
1630991514.426,42.0,49.0
1630991514.549,13.0,4.0
1630991514.626,12.0,53.0
1630991514.7,47.0,33.0
1630991514.86,8.0,50.0
1630991515.098,13.0,40.0
1630991515.151,20.0,55.0
1630991515.405,26.0,3.0
1630991515.479,23.0,34.0
1630991515.487,24.0,46.0
1630991515.753,4.0,35.0
1630991515.995,3.0,6.0
1630991516.183,17.0,46.0
1630991516.474,20.0,40.0
1630991516.745,30.0,49.0
1630991517.035,37.0,58.0
1630991517.285,22.0,42.0
1630991517.523,14.0,48.0
1630991517.756,22.0,7.0
1630991517.818,16.0,59.0
1630991517.998,42.0,20.0
1630991518.109,26.0,45.0
1630991518.232,22.0,5.0
1630991518.314,43.0,12.0
1630991518.576,17.0,40.0
1630991518.605,9.0,50.0
1630991518.801,14.0,28.0
1630991518.855,34.0,45.0
1630991519.117,23.0,18.0
1630991519.162,12.0,46.0
1630991519.28,23.0,3.0
1630991519.334,9.0,51.0
1630991519.539,13.0,59.0
1630991519.649,40.0,4.0
1630991519.838,37.0,5.0
1630991519.932,6.0,50.0
1630991519.981,17.0,19.0
1630991520.018,19.0,44.0
1630991520.133,29.0,16.0
1630991520.174,40.0,21.0
1630991520.227,13.0,7.0
1630991520.493,5.0,55.0
1630991520.768,30.0,27.0
1630991520.899,0.0,49.0
1630991520.94,20.0,54.0
1630991521.173,28.0,20.0
1630991521.423,11.0,51.0
1630991521.612,45.0,10.0
1630991521.812,32.0,42.0
1630991521.821,19.0,7.0
1630991521.858,28.0,6.0
1630991522.095,46.0,11.0
1630991522.239,37.0,0.0
1630991522.382,2.0,36.0
1630991522.615,33.0,18.0
1630991522.808,48.0,25.0
1630991522.935,27.0,48.0
1630991523.136,11.0,13.0
1630991523.14,37.0,45.0
1630991523.213,34.0,48.0
1630991523.386,0.0,7.0
1630991523.5,32.0,39.0
1630991523.521,22.0,35.0
1630991523.783,19.0,47.0
1630991524.062,11.0,50.0
1630991524.221,1.0,46.0
1630991524.492,36.0,13.0
1630991524.574,47.0,13.0
1630991524.746,39.0,50.0
1630991524.762,45.0,54.0
1630991524.885,18.0,12.0
1630991524.902,44.0,29.0
1630991524.91,26.0,5.0
1630991525.135,29.0,44.0
1630991525.229,49.0,47.0
1630991525.311,23.0,30.0
1630991525.323,48.0,56.0
1630991525.602,37.0,5.0
1630991525.704,32.0,47.0
1630991525.946,23.0,2.0
1630991526.205,34.0,31.0
1630991526.401,47.0,58.0
1630991526.499,34.0,6.0
1630991526.516,11.0,38.0
1630991526.716,20.0,28.0
1630991526.765,13.0,43.0
1630991526.999,17.0,43.0
1630991527.007,12.0,52.0
1630991527.179,10.0,48.0
1630991527.454,19.0,35.0
1630991527.519,40.0,42.0
1630991527.659,23.0,49.0
1630991527.855,29.0,34.0
1630991527.863,14.0,47.0
1630991528.052,31.0,8.0
1630991528.122,18.0,40.0
1630991528.347,39.0,27.0
1630991528.527,15.0,14.0
1630991528.544,6.0,14.0
1630991528.748,12.0,18.0
1630991528.806,4.0,27.0
1630991528.962,16.0,53.0
1630991529.224,16.0,43.0
1630991529.236,31.0,41.0
1630991529.322,41.0,58.0
1630991529.482,35.0,18.0
1630991529.555,31.0,13.0
1630991529.826,22.0,8.0
1630991529.994,14.0,0.0
1630991530.088,36.0,1.0
1630991530.141,40.0,15.0
1630991530.199,3.0,12.0
1630991530.264,29.0,24.0
1630991530.486,12.0,39.0
1630991530.715,3.0,10.0
1630991530.924,27.0,29.0
1630991531.022,16.0,40.0
1630991531.211,22.0,9.0
1630991531.366,46.0,10.0
1630991531.399,9.0,51.0
1630991531.625,35.0,47.0
1630991531.633,45.0,29.0
1630991531.772,3.0,5.0
1630991531.784,22.0,22.0
1630991532.022,41.0,35.0
1630991532.104,48.0,22.0
1630991532.288,34.0,49.0
1630991532.554,13.0,37.0
1630991532.743,36.0,40.0
1630991532.915,35.0,39.0
1630991533.005,49.0,18.0
1630991533.206,1.0,26.0
1630991533.464,2.0,56.0
1630991533.587,24.0,44.0
1630991533.591,2.0,9.0
1630991533.665,15.0,19.0
1630991533.952,34.0,5.0
1630991534.247,34.0,14.0
1630991534.275,2.0,5.0
1630991534.283,13.0,11.0
1630991534.345,27.0,14.0
1630991534.537,31.0,11.0
1630991534.582,48.0,57.0
1630991534.681,39.0,38.0
1630991534.968,45.0,55.0
1630991535.144,49.0,0.0
1630991535.431,2.0,1.0
1630991535.553,16.0,26.0
1630991535.574,21.0,48.0
1630991535.75,45.0,12.0
1630991535.816,0.0,27.0
1630991535.934,8.0,49.0
1630991536.025,19.0,46.0
1630991536.033,29.0,30.0
1630991536.307,23.0,10.0
1630991536.565,18.0,52.0
1630991536.639,5.0,50.0
1630991536.745,47.0,32.0
1630991536.803,13.0,36.0
1630991537.102,45.0,59.0
1630991537.147,33.0,18.0
1630991537.2,21.0,16.0
1630991537.331,34.0,26.0
1630991537.61,20.0,0.0
1630991537.848,41.0,49.0
1630991538.04,20.0,5.0
1630991538.306,44.0,33.0
1630991538.577,30.0,11.0
1630991538.684,10.0,1.0
1630991538.917,5.0,23.0
1630991539.073,19.0,33.0
1630991539.343,14.0,58.0
1630991539.54,5.0,47.0
1630991539.826,11.0,31.0
1630991539.867,12.0,34.0
1630991539.982,6.0,49.0
1630991540.167,45.0,6.0
1630991540.212,20.0,5.0
1630991540.29,28.0,44.0
1630991540.359,1.0,29.0
1630991540.531,8.0,53.0
1630991540.806,12.0,49.0
1630991541.023,8.0,42.0
1630991541.17,43.0,42.0
1630991541.375,39.0,15.0
1630991541.654,49.0,40.0
1630991541.842,38.0,42.0
1630991541.92,43.0,15.0
1630991542.063,3.0,8.0
1630991542.1,12.0,54.0
1630991542.272,5.0,1.0
1630991542.354,20.0,46.0
1630991542.432,19.0,21.0
1630991542.534,22.0,59.0
1630991542.723,37.0,6.0
1630991542.891,43.0,0.0
1630991543.12,49.0,16.0
1630991543.235,29.0,44.0
1630991543.272,46.0,12.0
1630991543.366,32.0,6.0
1630991543.649,35.0,3.0
1630991543.768,21.0,26.0
1630991543.891,47.0,35.0
1630991543.919,28.0,7.0
1630991544.19,44.0,47.0
1630991544.39,34.0,22.0
1630991544.534,16.0,5.0
1630991544.599,24.0,14.0
1630991544.718,36.0,30.0
1630991544.878,34.0,5.0
1630991545.083,20.0,38.0
1630991545.132,47.0,17.0
1630991545.288,22.0,52.0
1630991545.456,34.0,33.0
1630991545.57,4.0,13.0
1630991545.619,3.0,11.0
1630991545.767,43.0,39.0
1630991545.886,25.0,42.0
1630991546.017,19.0,18.0
1630991546.242,4.0,3.0
1630991546.504,43.0,12.0
1630991546.746,48.0,23.0
1630991546.836,14.0,1.0
1630991546.98,26.0,57.0
1630991547.152,25.0,4.0
1630991547.373,23.0,21.0
1630991547.5,24.0,13.0
1630991547.533,29.0,45.0
1630991547.574,35.0,4.0
1630991547.758,11.0,44.0
1630991547.881,40.0,30.0
1630991547.967,39.0,21.0
1630991548.094,42.0,58.0
1630991548.221,13.0,37.0
1630991548.233,22.0,45.0
1630991548.364,44.0,6.0
1630991548.622,2.0,24.0
1630991548.766,23.0,44.0
1630991548.934,49.0,22.0
1630991548.959,23.0,57.0
1630991549.11,23.0,54.0
1630991549.303,25.0,21.0
1630991549.311,42.0,49.0
1630991549.442,21.0,19.0
1630991549.475,47.0,52.0
1630991549.487,1.0,3.0
1630991549.643,47.0,52.0
1630991549.888,47.0,50.0
1630991550.081,1.0,21.0
1630991550.343,23.0,26.0
1630991550.409,3.0,13.0
1630991550.446,42.0,9.0
1630991550.458,44.0,41.0
1630991550.642,47.0,35.0
1630991550.865,47.0,32.0
1630991550.933,34.0,1.0
1630991551.208,10.0,34.0
1630991551.24,36.0,19.0
1630991551.29,42.0,26.0
1630991551.363,48.0,10.0
1630991551.409,0.0,44.0
1630991551.621,19.0,5.0
1630991551.826,9.0,17.0
1630991551.892,44.0,16.0
1630991551.929,1.0,19.0
1630991552.166,17.0,39.0
1630991552.236,39.0,10.0
1630991552.486,16.0,24.0
1630991552.551,21.0,29.0
1630991552.67,28.0,53.0
1630991552.822,1.0,42.0
1630991552.953,0.0,57.0
1630991553.211,2.0,31.0
1630991553.395,33.0,27.0
1630991553.433,9.0,57.0
1630991553.65,42.0,31.0
1630991553.735,33.0,2.0
1630991553.752,24.0,40.0
1630991553.772,12.0,25.0
1630991554.063,32.0,24.0
1630991554.223,18.0,12.0
1630991554.362,15.0,37.0
1630991554.58,42.0,46.0
1630991554.637,9.0,47.0
1630991554.76,49.0,56.0
1630991555.006,11.0,0.0
1630991555.05,48.0,23.0
1630991555.26,2.0,8.0
1630991555.448,12.0,38.0
1630991555.505,5.0,42.0
1630991555.694,25.0,50.0
1630991555.874,16.0,29.0
1630991555.952,32.0,38.0
1630991556.194,47.0,49.0
1630991556.374,42.0,50.0
1630991556.505,42.0,21.0
1630991556.513,24.0,5.0
1630991556.722,40.0,54.0
1630991556.894,26.0,14.0
1630991557.128,25.0,23.0
1630991557.193,0.0,57.0
1630991557.39,35.0,39.0
1630991557.496,38.0,53.0
1630991557.521,25.0,27.0
1630991557.771,29.0,59.0
1630991557.967,11.0,44.0
1630991558.152,41.0,5.0
1630991558.344,5.0,31.0
1630991558.534,18.0,16.0
1630991558.762,49.0,4.0
1630991558.984,49.0,0.0
1630991559.16,33.0,33.0
1630991559.315,39.0,22.0
1630991559.606,2.0,2.0
1630991559.807,2.0,13.0
1630991560.09,40.0,44.0
1630991560.176,26.0,48.0
1630991560.381,47.0,5.0
1630991560.532,25.0,55.0
1630991560.823,34.0,37.0
1630991561.053,28.0,6.0
1630991561.073,6.0,34.0
1630991561.175,35.0,35.0
1630991561.208,9.0,23.0
1630991561.503,10.0,49.0
1630991561.618,5.0,33.0
1630991561.651,14.0,41.0
1630991561.852,37.0,16.0
1630991562.036,39.0,43.0
1630991562.224,21.0,40.0
1630991562.437,32.0,45.0
1630991562.581,24.0,2.0
1630991562.794,18.0,0.0
1630991563.036,32.0,8.0
1630991563.175,40.0,55.0
1630991563.355,32.0,0.0
1630991563.38,32.0,30.0
1630991563.572,28.0,36.0
1630991563.871,44.0,11.0
1630991564.056,49.0,43.0
1630991564.334,14.0,31.0
1630991564.461,18.0,53.0
1630991564.519,13.0,17.0
1630991564.633,46.0,45.0
1630991564.707,27.0,13.0
1630991564.715,10.0,34.0
1630991564.764,46.0,56.0
1630991564.957,12.0,56.0
1630991565.022,44.0,42.0
1630991565.043,28.0,6.0
1630991565.137,17.0,59.0
1630991565.231,42.0,9.0
1630991565.494,26.0,24.0
1630991565.735,46.0,53.0
1630991565.924,5.0,19.0
1630991566.116,43.0,53.0
1630991566.399,33.0,29.0
1630991566.555,14.0,15.0
1630991566.817,24.0,56.0
1630991567.022,12.0,9.0
1630991567.05,42.0,4.0
1630991567.333,11.0,55.0
1630991567.411,17.0,2.0
1630991567.436,8.0,12.0
1630991567.468,34.0,47.0
1630991567.595,14.0,50.0
1630991567.853,37.0,16.0
1630991568.095,3.0,7.0
1630991568.353,30.0,22.0
1630991568.554,29.0,22.0
1630991568.595,20.0,57.0
1630991568.837,35.0,59.0
1630991569.062,11.0,9.0
1630991569.308,26.0,15.0
1630991569.357,19.0,52.0
1630991569.41,33.0,59.0
1630991569.635,46.0,7.0
1630991569.91,18.0,34.0
1630991569.972,47.0,6.0
1630991570.111,21.0,44.0
1630991570.324,34.0,56.0
1630991570.521,14.0,33.0
1630991570.574,27.0,41.0
1630991570.828,32.0,45.0
1630991570.873,6.0,47.0
1630991570.967,39.0,25.0
1630991570.975,27.0,3.0
1630991571.139,42.0,5.0
1630991571.209,27.0,54.0
1630991571.303,11.0,52.0
1630991571.54,8.0,26.0
1630991571.549,44.0,27.0
1630991571.717,37.0,12.0
1630991571.786,18.0,14.0
1630991571.868,22.0,31.0
1630991572.032,9.0,29.0
1630991572.073,24.0,56.0
1630991572.122,39.0,43.0
1630991572.262,42.0,59.0
1630991572.536,48.0,32.0
1630991572.671,16.0,22.0
1630991572.839,4.0,38.0
1630991573.097,38.0,7.0
1630991573.347,27.0,32.0
1630991573.581,16.0,48.0
1630991573.691,46.0,18.0
1630991573.749,22.0,53.0
1630991573.827,15.0,14.0
1630991573.892,8.0,7.0
1630991573.97,4.0,15.0
1630991573.978,33.0,15.0
1630991573.982,45.0,49.0
1630991574.019,40.0,19.0
1630991574.081,2.0,37.0
1630991574.372,21.0,34.0
1630991574.429,6.0,15.0
1630991574.679,12.0,8.0
1630991574.716,29.0,12.0
1630991574.814,22.0,17.0
1630991574.966,30.0,43.0
1630991574.974,17.0,1.0
1630991575.048,26.0,42.0
1630991575.248,0.0,24.0
1630991575.441,27.0,19.0
1630991575.498,38.0,45.0
1630991575.519,34.0,30.0
1630991575.552,23.0,51.0
1630991575.707,19.0,49.0
1630991575.92,45.0,53.0
1630991576.162,29.0,47.0
1630991576.264,44.0,32.0
1630991576.506,29.0,53.0
1630991576.764,16.0,41.0
1630991576.785,24.0,36.0
1630991577.051,48.0,3.0
1630991577.309,25.0,24.0
1630991577.58,21.0,23.0
1630991577.702,48.0,14.0
1630991577.805,49.0,16.0
1630991577.883,3.0,14.0
1630991577.948,29.0,32.0
1630991578.137,42.0,52.0
1630991578.431,8.0,39.0
1630991578.673,3.0,47.0
1630991578.96,39.0,6.0
1630991579.112,26.0,30.0
1630991579.267,24.0,37.0
1630991579.345,33.0,24.0
1630991579.484,24.0,49.0
1630991579.693,35.0,22.0
1630991579.935,6.0,11.0
1630991580.005,38.0,8.0
1630991580.087,45.0,50.0
1630991580.259,6.0,35.0
1630991580.263,2.0,25.0
1630991580.296,42.0,39.0
1630991580.558,21.0,28.0
1630991580.64,39.0,29.0
1630991580.693,6.0,57.0
1630991580.939,18.0,26.0
1630991581.218,18.0,6.0
1630991581.512,39.0,16.0
1630991581.721,14.0,16.0
1630991581.84,18.0,49.0
1630991582.082,37.0,53.0
1630991582.369,36.0,35.0
1630991582.623,7.0,42.0
1630991582.696,30.0,6.0
1630991582.889,27.0,57.0
1630991583.049,49.0,42.0
1630991583.27,45.0,19.0
1630991583.287,15.0,44.0
1630991583.356,5.0,34.0
1630991583.52,11.0,30.0
1630991583.753,25.0,4.0
1630991583.811,28.0,58.0
1630991584.044,6.0,59.0
1630991584.327,7.0,44.0
1630991584.552,16.0,56.0
1630991584.716,44.0,41.0
1630991584.901,9.0,59.0
1630991585.081,13.0,27.0
1630991585.114,41.0,3.0
1630991585.253,38.0,15.0
1630991585.527,48.0,24.0
1630991585.814,15.0,54.0
1630991586.011,33.0,14.0
1630991586.134,25.0,14.0
1630991586.175,4.0,10.0
1630991586.314,34.0,40.0
1630991586.568,17.0,6.0
1630991586.761,18.0,34.0
1630991586.859,10.0,57.0
1630991587.137,26.0,16.0
1630991587.256,26.0,35.0
1630991587.273,19.0,3.0
1630991587.338,0.0,6.0
1630991587.449,21.0,59.0
1630991587.518,27.0,11.0
1630991587.576,42.0,36.0
1630991587.65,40.0,2.0
1630991587.711,21.0,38.0
1630991587.891,46.0,41.0
1630991587.953,29.0,39.0
1630991588.01,24.0,36.0
1630991588.035,38.0,59.0
1630991588.129,2.0,6.0
1630991588.313,49.0,26.0
1630991588.498,9.0,45.0
1630991588.592,15.0,26.0
1630991588.76,28.0,4.0
1630991588.973,26.0,35.0
1630991589.051,43.0,30.0
1630991589.129,40.0,54.0
1630991589.276,35.0,23.0
1630991589.501,2.0,51.0
1630991589.559,8.0,19.0
1630991589.788,28.0,42.0
1630991590.03,0.0,56.0
1630991590.108,38.0,11.0
1630991590.391,13.0,12.0
1630991590.431,16.0,48.0
1630991590.599,14.0,12.0
1630991590.644,18.0,58.0
1630991590.653,31.0,37.0
1630991590.784,2.0,25.0
1630991591.001,13.0,51.0
1630991591.157,27.0,5.0
1630991591.259,22.0,10.0
1630991591.267,41.0,43.0
1630991591.521,40.0,36.0
1630991591.533,26.0,45.0
1630991591.587,46.0,20.0
1630991591.595,40.0,52.0
1630991591.734,7.0,57.0
1630991591.771,32.0,2.0
1630991591.779,22.0,14.0
1630991591.816,44.0,55.0
1630991591.927,14.0,14.0
1630991592.037,48.0,27.0
1630991592.136,25.0,0.0
1630991592.213,11.0,29.0
1630991592.386,16.0,37.0
1630991592.504,42.0,1.0
1630991592.672,12.0,21.0
1630991592.681,24.0,6.0
1630991592.853,49.0,26.0
1630991593.058,32.0,18.0
1630991593.144,25.0,56.0
1630991593.377,0.0,59.0
1630991593.525,48.0,13.0
1630991593.549,10.0,45.0
1630991593.799,27.0,32.0
1630991593.934,43.0,53.0
1630991594.184,7.0,8.0
1630991594.414,25.0,30.0
1630991594.438,0.0,20.0
1630991594.59,9.0,23.0
1630991594.819,47.0,18.0
1630991595.065,40.0,42.0
1630991595.258,42.0,0.0
1630991595.327,2.0,47.0
1630991595.389,9.0,8.0
1630991595.52,0.0,8.0
1630991595.626,39.0,52.0
1630991595.675,21.0,52.0
1630991595.749,34.0,4.0
1630991596.036,6.0,25.0
1630991596.175,18.0,40.0
1630991596.212,34.0,51.0
1630991596.372,17.0,47.0
1630991596.47,30.0,17.0
1630991596.769,4.0,5.0
1630991596.774,35.0,56.0
1630991596.962,3.0,28.0
1630991596.986,48.0,55.0
1630991597.278,39.0,43.0
1630991597.286,40.0,33.0
1630991597.425,36.0,11.0
1630991597.495,37.0,25.0
1630991597.576,43.0,47.0
1630991597.806,11.0,10.0
1630991597.847,7.0,28.0
1630991598.13,47.0,4.0
1630991598.236,11.0,0.0
1630991598.384,35.0,50.0
1630991598.597,33.0,26.0
1630991598.846,48.0,59.0
1630991599.101,27.0,12.0
1630991599.383,16.0,41.0
1630991599.482,33.0,11.0
1630991599.49,49.0,53.0
1630991599.535,10.0,45.0
1630991599.69,5.0,15.0
1630991599.711,4.0,31.0
1630991599.764,16.0,37.0
1630991600.059,21.0,11.0
1630991600.141,26.0,23.0
1630991600.223,2.0,44.0
1630991600.342,2.0,25.0
1630991600.44,20.0,48.0
1630991600.543,21.0,57.0
1630991600.825,16.0,42.0
1630991600.854,7.0,3.0
1630991601.124,47.0,11.0
1630991601.313,37.0,52.0
1630991601.333,35.0,38.0
1630991601.477,5.0,20.0
1630991601.497,19.0,38.0
1630991601.636,47.0,15.0
1630991601.837,1.0,53.0
1630991602.001,2.0,29.0
1630991602.038,2.0,14.0
1630991602.226,19.0,34.0
1630991602.329,40.0,54.0
1630991602.349,0.0,29.0
1630991602.468,39.0,29.0
1630991602.587,7.0,37.0
1630991602.76,18.0,44.0
1630991603.054,16.0,47.0
1630991603.083,9.0,57.0
1630991603.152,37.0,39.0
1630991603.398,10.0,26.0
1630991603.619,32.0,4.0
1630991603.828,3.0,26.0
1630991604.127,5.0,27.0
1630991604.131,46.0,47.0
1630991604.291,14.0,58.0
1630991604.455,0.0,27.0
1630991604.75,14.0,40.0
1630991605.041,15.0,8.0
1630991605.274,0.0,15.0
1630991605.356,40.0,38.0
1630991605.631,6.0,58.0
1630991605.647,13.0,30.0
1630991605.819,39.0,51.0
1630991605.873,15.0,16.0
1630991605.991,29.0,20.0
1630991606.25,2.0,7.0
1630991606.258,45.0,21.0
1630991606.307,8.0,49.0
1630991606.356,37.0,53.0
1630991606.561,14.0,15.0
1630991606.663,11.0,5.0
1630991606.946,36.0,14.0
1630991607.184,6.0,17.0
1630991607.479,27.0,37.0
1630991607.704,48.0,16.0
1630991607.757,12.0,6.0
1630991607.876,1.0,37.0
1630991608.151,7.0,23.0
1630991608.298,1.0,53.0
1630991608.429,15.0,7.0
1630991608.577,33.0,25.0
1630991608.875,26.0,44.0
1630991609.154,22.0,20.0
1630991609.4,37.0,46.0
1630991609.527,49.0,5.0
1630991609.761,45.0,46.0
1630991609.884,43.0,2.0
1630991610.064,22.0,39.0
1630991610.31,16.0,36.0
1630991610.518,7.0,57.0
1630991610.604,33.0,54.0
1630991610.74,6.0,42.0
1630991610.994,45.0,18.0
1630991611.19,22.0,47.0
1630991611.289,48.0,10.0
1630991611.403,3.0,42.0
1630991611.519,22.0,14.0
1630991611.612,23.0,13.0
1630991611.625,36.0,1.0
1630991611.76,4.0,39.0
1630991611.874,8.0,14.0
1630991612.067,21.0,51.0
1630991612.235,48.0,8.0
1630991612.252,2.0,54.0
1630991612.26,39.0,15.0
1630991612.452,20.0,48.0
1630991612.489,3.0,48.0
1630991612.534,16.0,5.0
1630991612.579,4.0,8.0
1630991612.665,35.0,30.0
1630991612.764,14.0,29.0
1630991613.005,48.0,50.0
1630991613.136,40.0,6.0
1630991613.145,25.0,44.0
1630991613.21,18.0,0.0
1630991613.444,39.0,38.0
1630991613.517,39.0,31.0
1630991613.743,41.0,54.0
1630991613.866,24.0,45.0
1630991613.911,44.0,29.0
1630991613.972,38.0,34.0
1630991613.976,15.0,22.0
1630991614.103,47.0,11.0
1630991614.12,13.0,58.0
1630991614.275,5.0,31.0
1630991614.554,42.0,25.0
1630991614.763,41.0,56.0
1630991614.992,47.0,13.0
1630991615.25,32.0,42.0
1630991615.427,48.0,34.0
1630991615.685,41.0,57.0
1630991615.976,8.0,56.0
1630991616.012,27.0,56.0
1630991616.226,19.0,53.0
1630991616.316,44.0,6.0
1630991616.434,32.0,27.0
1630991616.684,40.0,42.0
1630991616.721,17.0,11.0
1630991616.951,47.0,28.0
1630991617.184,10.0,29.0
1630991617.217,11.0,33.0
1630991617.266,23.0,27.0
1630991617.332,11.0,40.0
1630991617.356,46.0,49.0
1630991617.537,14.0,5.0
1630991617.807,33.0,47.0
1630991617.938,41.0,32.0
1630991617.999,7.0,45.0
1630991618.196,11.0,35.0
1630991618.294,31.0,57.0
1630991618.581,49.0,33.0
1630991618.86,18.0,41.0
1630991619.151,13.0,26.0
1630991619.253,34.0,40.0
1630991619.282,38.0,35.0
1630991619.29,5.0,41.0
1630991619.483,28.0,15.0
1630991619.642,14.0,58.0
1630991619.773,11.0,36.0
1630991619.786,15.0,8.0
1630991619.835,45.0,8.0
1630991620.081,27.0,1.0
1630991620.171,38.0,21.0
1630991620.458,5.0,4.0
1630991620.589,21.0,51.0
1630991620.814,12.0,9.0
1630991620.929,29.0,59.0
1630991620.994,3.0,45.0
1630991621.207,15.0,6.0
1630991621.277,37.0,49.0
1630991621.417,16.0,3.0
1630991621.535,45.0,48.0
1630991621.621,2.0,58.0
1630991621.638,39.0,5.0
1630991621.806,33.0,7.0
1630991622.084,7.0,2.0
1630991622.264,7.0,56.0
1630991622.334,48.0,56.0
1630991622.35,38.0,24.0
1630991622.621,35.0,14.0
1630991622.826,46.0,9.0
1630991622.903,39.0,53.0
1630991622.94,14.0,42.0
1630991622.953,37.0,25.0
1630991623.178,38.0,21.0
1630991623.264,3.0,25.0
1630991623.366,42.0,46.0
1630991623.383,47.0,28.0
1630991623.579,23.0,7.0
1630991623.739,45.0,0.0
1630991623.85,21.0,0.0
1630991623.936,46.0,16.0
1630991624.063,20.0,11.0
1630991624.178,22.0,59.0
1630991624.206,40.0,25.0
1630991624.325,42.0,40.0
1630991624.62,32.0,48.0
1630991624.694,34.0,38.0
1630991624.85,12.0,51.0
1630991625.034,34.0,21.0
1630991625.099,4.0,48.0
1630991625.271,30.0,32.0
1630991625.292,9.0,42.0
1630991625.304,40.0,21.0
1630991625.443,40.0,27.0
1630991625.526,26.0,59.0
1630991625.718,3.0,19.0
1630991625.988,46.0,27.0
1630991626.058,18.0,27.0
1630991626.267,21.0,49.0
1630991626.291,20.0,57.0
1630991626.435,4.0,18.0
1630991626.501,47.0,49.0
1630991626.685,37.0,23.0
1630991626.713,1.0,6.0
1630991626.828,15.0,25.0
1630991626.922,43.0,6.0
1630991627.037,25.0,59.0
1630991627.328,14.0,46.0
1630991627.603,0.0,28.0
1630991627.89,22.0,39.0
1630991627.947,22.0,48.0
1630991628.053,48.0,45.0
1630991628.213,23.0,46.0
1630991628.426,2.0,30.0
1630991628.524,3.0,37.0
1630991628.766,34.0,0.0
1630991629.045,8.0,36.0
1630991629.323,23.0,8.0
1630991629.561,32.0,57.0
1630991629.852,31.0,23.0
1630991630.122,9.0,48.0
1630991630.171,43.0,38.0
1630991630.442,17.0,40.0
1630991630.495,26.0,22.0
1630991630.499,41.0,54.0
1630991630.696,39.0,12.0
1630991630.716,1.0,35.0
1630991630.999,17.0,4.0
1630991631.261,7.0,16.0
1630991631.511,19.0,34.0
1630991631.769,42.0,46.0
1630991631.986,40.0,50.0
1630991632.183,18.0,4.0
1630991632.196,11.0,54.0
1630991632.339,15.0,36.0
1630991632.634,5.0,55.0
1630991632.904,15.0,20.0
1630991633.043,6.0,46.0
1630991633.24,14.0,15.0
1630991633.281,45.0,37.0
1630991633.375,29.0,50.0
1630991633.58,40.0,22.0
1630991633.686,3.0,33.0
1630991633.809,5.0,33.0
1630991634.108,3.0,52.0
1630991634.162,35.0,43.0
1630991634.428,45.0,1.0
1630991634.473,40.0,35.0
1630991634.481,32.0,44.0
1630991634.485,40.0,25.0
1630991634.653,41.0,17.0
1630991634.866,34.0,16.0
1630991635.092,20.0,12.0
1630991635.128,19.0,15.0
1630991635.153,26.0,9.0
1630991635.198,10.0,56.0
1630991635.411,34.0,8.0
1630991635.628,42.0,33.0
1630991635.735,8.0,19.0
1630991635.87,24.0,37.0
1630991635.956,32.0,1.0
1630991636.124,10.0,3.0
1630991636.37,14.0,47.0
1630991636.575,7.0,10.0
1630991636.862,2.0,38.0
1630991636.989,13.0,5.0
1630991637.279,24.0,5.0
1630991637.566,37.0,46.0
1630991637.648,18.0,50.0
1630991637.705,48.0,0.0
1630991638.0,39.0,55.0
1630991638.23,1.0,41.0
1630991638.468,6.0,19.0
1630991638.562,38.0,22.0
1630991638.627,30.0,49.0
1630991638.66,5.0,54.0
1630991638.717,43.0,20.0
1630991638.857,47.0,17.0
1630991638.885,45.0,15.0
1630991639.09,35.0,49.0
1630991639.353,26.0,8.0
1630991639.557,45.0,10.0
1630991639.725,21.0,2.0
1630991639.856,19.0,34.0
1630991639.934,47.0,5.0
1630991639.951,40.0,36.0
1630991640.131,33.0,27.0
1630991640.286,49.0,37.0
1630991640.291,2.0,6.0
1630991640.401,4.0,39.0
1630991640.627,3.0,37.0
1630991640.811,30.0,18.0
1630991640.991,6.0,34.0
1630991641.073,1.0,0.0
1630991641.143,26.0,48.0
1630991641.192,1.0,8.0
1630991641.262,31.0,46.0
1630991641.516,27.0,53.0
1630991641.786,29.0,56.0
1630991641.958,43.0,37.0
1630991641.983,18.0,33.0
1630991642.069,13.0,8.0
1630991642.167,34.0,27.0
1630991642.302,22.0,26.0
1630991642.314,10.0,36.0
1630991642.396,16.0,24.0
1630991642.564,3.0,41.0
1630991642.683,23.0,29.0
1630991642.909,7.0,1.0
1630991643.019,8.0,41.0
1630991643.118,27.0,52.0
1630991643.396,19.0,44.0
1630991643.543,21.0,33.0
1630991643.613,39.0,54.0
1630991643.863,11.0,25.0
1630991644.105,22.0,21.0
1630991644.273,20.0,59.0
1630991644.351,28.0,36.0
1630991644.359,3.0,36.0
1630991644.367,29.0,12.0
1630991644.482,28.0,19.0
1630991644.646,43.0,26.0
1630991644.854,31.0,7.0
1630991644.887,33.0,30.0
1630991645.076,8.0,39.0
1630991645.256,22.0,40.0
1630991645.494,7.0,45.0
1630991645.613,11.0,54.0
1630991645.842,39.0,48.0
1630991646.067,20.0,0.0
1630991646.203,46.0,43.0
1630991646.215,16.0,43.0
1630991646.35,19.0,3.0
1630991646.612,44.0,57.0
1630991646.702,42.0,16.0
1630991646.797,8.0,27.0
1630991647.063,32.0,41.0
1630991647.321,32.0,4.0
1630991647.362,1.0,36.0
1630991647.563,22.0,52.0
1630991647.751,21.0,7.0
1630991647.845,43.0,53.0
1630991648.124,26.0,39.0
1630991648.353,7.0,29.0
1630991648.538,3.0,25.0
1630991648.693,11.0,59.0
1630991648.948,10.0,17.0
1630991649.001,19.0,39.0
1630991649.193,7.0,38.0
1630991649.435,28.0,34.0
1630991649.599,7.0,39.0
1630991649.681,6.0,24.0
1630991649.808,24.0,2.0
1630991649.894,1.0,9.0
1630991649.992,44.0,1.0
1630991650.127,49.0,6.0
1630991650.414,24.0,17.0
1630991650.639,30.0,25.0
1630991650.664,2.0,39.0
1630991650.75,11.0,40.0
1630991651.045,49.0,8.0
1630991651.184,36.0,1.0
1630991651.291,49.0,33.0
1630991651.398,29.0,44.0
1630991651.446,35.0,22.0
1630991651.692,41.0,25.0
1630991651.852,47.0,4.0
1630991651.967,14.0,43.0
1630991652.057,32.0,16.0
1630991652.27,45.0,48.0
1630991652.299,34.0,23.0
1630991652.446,26.0,2.0
1630991652.536,44.0,46.0
1630991652.626,37.0,2.0
1630991652.901,28.0,1.0
1630991652.975,36.0,19.0
1630991653.057,42.0,49.0
1630991653.155,35.0,43.0
1630991653.171,41.0,45.0
1630991653.434,3.0,26.0
1630991653.667,31.0,24.0
1630991653.778,35.0,42.0
1630991653.864,41.0,9.0
1630991654.155,38.0,24.0
1630991654.339,26.0,39.0
1630991654.618,2.0,8.0
1630991654.654,48.0,10.0
1630991654.835,29.0,32.0
1630991655.064,35.0,45.0
1630991655.298,30.0,14.0
1630991655.429,48.0,37.0
1630991655.695,34.0,14.0
1630991655.945,29.0,42.0
1630991656.113,30.0,45.0
1630991656.318,41.0,46.0
1630991656.33,40.0,8.0
1630991656.453,25.0,59.0
1630991656.604,17.0,20.0
1630991656.854,32.0,6.0
1630991656.961,24.0,5.0
1630991657.002,5.0,2.0
1630991657.031,5.0,14.0
1630991657.321,19.0,48.0
1630991657.411,22.0,20.0
1630991657.53,11.0,16.0
1630991657.788,6.0,19.0
1630991657.928,35.0,34.0
1630991658.178,12.0,13.0
1630991658.346,45.0,22.0
1630991658.374,5.0,19.0
1630991658.632,6.0,16.0
1630991658.645,34.0,16.0
1630991658.936,23.0,22.0
1630991658.944,24.0,59.0
1630991659.161,18.0,23.0
1630991659.431,26.0,7.0
1630991659.62,8.0,38.0
1630991659.665,0.0,35.0
1630991659.915,30.0,48.0
1630991660.066,6.0,48.0
1630991660.173,36.0,2.0
1630991660.361,4.0,4.0
1630991660.628,0.0,15.0
1630991660.906,34.0,21.0
1630991661.189,10.0,51.0
1630991661.267,44.0,0.0
1630991661.422,13.0,8.0
1630991661.566,22.0,12.0
1630991661.775,34.0,55.0
1630991661.935,3.0,51.0
1630991662.127,31.0,28.0
1630991662.418,17.0,3.0
1630991662.668,16.0,23.0
1630991662.77,22.0,6.0
1630991662.922,4.0,57.0
1630991662.967,4.0,12.0
1630991663.024,40.0,1.0
1630991663.184,40.0,13.0
1630991663.377,39.0,18.0
1630991663.627,34.0,43.0
1630991663.655,18.0,56.0
1630991663.754,38.0,2.0
1630991663.856,5.0,48.0
1630991664.094,43.0,43.0
1630991664.2,38.0,31.0
1630991664.221,7.0,28.0
1630991664.471,26.0,33.0
1630991664.741,19.0,59.0
1630991664.88,4.0,47.0
1630991664.942,7.0,30.0
1630991664.999,37.0,30.0
1630991665.065,3.0,16.0
1630991665.315,22.0,57.0
1630991665.347,28.0,21.0
1630991665.36,31.0,58.0
1630991665.499,26.0,48.0
1630991665.659,20.0,47.0
1630991665.695,47.0,3.0
1630991665.954,49.0,28.0
1630991666.175,47.0,13.0
1630991666.248,0.0,4.0
1630991666.355,0.0,3.0
1630991666.384,43.0,28.0
1630991666.675,10.0,27.0
1630991666.916,34.0,1.0
1630991667.125,30.0,42.0
1630991667.265,31.0,42.0
1630991667.338,21.0,16.0
1630991667.371,26.0,55.0
1630991667.617,11.0,32.0
1630991667.822,15.0,5.0
1630991668.006,27.0,18.0
1630991668.01,14.0,42.0
1630991668.047,4.0,55.0
1630991668.215,14.0,35.0
1630991668.293,36.0,18.0
1630991668.486,49.0,41.0
1630991668.563,41.0,36.0
1630991668.83,25.0,22.0
1630991668.846,8.0,50.0
1630991668.994,14.0,26.0
1630991669.108,33.0,31.0
1630991669.391,19.0,11.0
1630991669.604,21.0,30.0
1630991669.776,7.0,45.0
1630991669.817,31.0,41.0
1630991669.956,39.0,34.0
1630991670.083,17.0,59.0
1630991670.223,30.0,14.0
1630991670.46,31.0,4.0
1630991670.489,0.0,44.0
1630991670.747,31.0,41.0
1630991670.845,29.0,21.0
1630991670.907,46.0,47.0
1630991671.12,19.0,5.0
1630991671.23,20.0,30.0
1630991671.3,32.0,7.0
1630991671.497,3.0,51.0
1630991671.693,49.0,9.0
1630991671.911,27.0,40.0
1630991672.033,27.0,59.0
1630991672.14,31.0,41.0
1630991672.152,17.0,16.0
1630991672.222,31.0,42.0
1630991672.361,22.0,39.0
1630991672.529,31.0,56.0
1630991672.689,13.0,52.0
1630991672.759,38.0,17.0
1630991673.049,27.0,55.0
1630991673.291,7.0,47.0
1630991673.574,49.0,26.0
1630991673.807,42.0,46.0
1630991674.004,26.0,33.0
1630991674.065,49.0,26.0
1630991674.274,15.0,16.0
1630991674.446,31.0,29.0
1630991674.491,25.0,4.0
1630991674.778,26.0,30.0
1630991674.795,30.0,7.0
1630991674.881,0.0,17.0
1630991675.077,49.0,36.0
1630991675.196,17.0,39.0
1630991675.389,1.0,30.0
1630991675.512,34.0,17.0
1630991675.561,28.0,9.0
1630991675.663,29.0,49.0
1630991675.852,33.0,57.0
1630991675.86,11.0,30.0
1630991675.913,35.0,52.0
1630991676.089,3.0,17.0
1630991676.212,29.0,21.0
1630991676.397,18.0,29.0
1630991676.597,13.0,11.0
1630991676.876,35.0,49.0
1630991677.056,45.0,51.0
1630991677.159,18.0,34.0
1630991677.241,8.0,45.0
1630991677.507,12.0,6.0
1630991677.585,46.0,25.0
1630991677.736,10.0,19.0
1630991677.929,32.0,30.0
1630991678.031,42.0,41.0
1630991678.113,15.0,30.0
1630991678.13,36.0,20.0
1630991678.183,24.0,42.0
1630991678.388,46.0,48.0
1630991678.687,33.0,19.0
1630991678.797,40.0,30.0
1630991679.08,18.0,1.0
1630991679.178,7.0,1.0
1630991679.219,11.0,40.0
1630991679.338,45.0,8.0
1630991679.621,14.0,7.0
1630991679.859,20.0,20.0
1630991680.145,10.0,51.0
1630991680.268,27.0,40.0
1630991680.498,47.0,7.0
1630991680.588,1.0,56.0
1630991680.723,28.0,16.0
1630991680.817,10.0,15.0
1630991680.838,13.0,58.0
1630991681.026,14.0,29.0
1630991681.301,47.0,7.0
1630991681.387,3.0,42.0
1630991681.69,9.0,26.0
1630991681.976,38.0,58.0
1630991682.112,41.0,19.0
1630991682.349,40.0,31.0
1630991682.624,8.0,52.0
1630991682.816,0.0,42.0
1630991683.099,19.0,56.0
1630991683.238,10.0,22.0
1630991683.267,16.0,0.0
1630991683.366,46.0,55.0
1630991683.48,6.0,28.0
1630991683.488,34.0,51.0
1630991683.763,14.0,57.0
1630991683.836,39.0,13.0
1630991684.091,14.0,43.0
1630991684.345,27.0,27.0
1630991684.636,25.0,36.0
1630991684.82,15.0,50.0
1630991685.041,22.0,9.0
1630991685.127,11.0,24.0
1630991685.344,11.0,9.0
1630991685.488,11.0,28.0
1630991685.574,32.0,30.0
1630991685.709,28.0,28.0
1630991685.766,22.0,7.0
1630991685.926,7.0,19.0
1630991685.996,11.0,42.0
1630991686.032,20.0,13.0
1630991686.127,35.0,6.0
1630991686.307,38.0,50.0
1630991686.475,39.0,26.0
1630991686.611,18.0,57.0
1630991686.897,21.0,52.0
1630991687.114,14.0,2.0
1630991687.196,14.0,55.0
1630991687.339,34.0,11.0
1630991687.614,3.0,42.0
1630991687.761,47.0,28.0
1630991687.856,4.0,27.0
1630991687.979,12.0,8.0
1630991688.085,13.0,21.0
1630991688.167,49.0,53.0
1630991688.392,34.0,32.0
1630991688.483,4.0,56.0
1630991688.769,14.0,19.0
1630991689.028,3.0,40.0
1630991689.212,26.0,36.0
1630991689.286,31.0,14.0
1630991689.47,23.0,18.0
1630991689.605,1.0,50.0
1630991689.904,18.0,16.0
1630991690.019,3.0,55.0
1630991690.318,16.0,45.0
1630991690.506,48.0,24.0
1630991690.683,8.0,21.0
1630991690.949,18.0,48.0
1630991690.965,0.0,10.0
1630991691.203,4.0,14.0
1630991691.387,42.0,8.0
1630991691.588,44.0,31.0
1630991691.842,27.0,15.0
1630991691.891,29.0,21.0
1630991691.969,10.0,27.0
1630991692.17,34.0,37.0
1630991692.194,13.0,3.0
1630991692.493,48.0,38.0
1630991692.53,44.0,37.0
1630991692.784,44.0,25.0
1630991693.071,47.0,3.0
1630991693.079,6.0,11.0
1630991693.137,31.0,51.0
1630991693.198,3.0,0.0
1630991693.301,27.0,4.0
1630991693.452,19.0,32.0
1630991693.702,6.0,27.0
1630991693.935,19.0,42.0
1630991694.21,31.0,49.0
1630991694.448,49.0,49.0
1630991694.476,46.0,12.0
1630991694.546,41.0,52.0
1630991694.755,33.0,47.0
1630991694.96,23.0,39.0
1630991695.177,7.0,4.0
1630991695.271,17.0,26.0
1630991695.39,32.0,25.0
1630991695.632,20.0,48.0
1630991695.914,13.0,49.0
1630991696.123,26.0,15.0
1630991696.218,11.0,26.0
1630991696.225,39.0,31.0
1630991696.242,41.0,21.0
1630991696.463,22.0,35.0
1630991696.635,47.0,17.0
1630991696.639,26.0,0.0
1630991696.934,21.0,39.0
1630991696.955,13.0,34.0
1630991697.053,35.0,49.0
1630991697.074,15.0,8.0
1630991697.082,40.0,5.0
1630991697.291,44.0,53.0
1630991697.471,16.0,4.0
1630991697.762,19.0,35.0
1630991697.881,24.0,39.0
1630991697.942,4.0,25.0
1630991698.167,44.0,7.0
1630991698.303,30.0,49.0
1630991698.479,38.0,8.0
1630991698.536,3.0,40.0
1630991698.684,5.0,57.0
1630991698.708,15.0,20.0
1630991698.942,2.0,2.0
1630991699.032,14.0,34.0
1630991699.061,24.0,16.0
1630991699.343,41.0,3.0
1630991699.499,32.0,6.0
1630991699.769,31.0,25.0
1630991699.794,39.0,53.0
1630991699.987,24.0,26.0
1630991699.995,45.0,50.0
1630991700.007,2.0,41.0
1630991700.138,44.0,30.0
1630991700.163,30.0,41.0
1630991700.216,35.0,50.0
1630991700.445,26.0,31.0
1630991700.728,4.0,46.0
1630991701.007,48.0,12.0
1630991701.17,4.0,59.0
1630991701.306,16.0,57.0
1630991701.429,34.0,56.0
1630991701.519,34.0,24.0
1630991701.67,42.0,39.0
1630991701.703,19.0,41.0
1630991701.855,36.0,23.0
1630991702.047,21.0,49.0
1630991702.076,1.0,20.0
1630991702.097,9.0,3.0
1630991702.232,35.0,4.0
1630991702.363,17.0,19.0
1630991702.375,25.0,41.0
1630991702.666,36.0,44.0
1630991702.83,1.0,41.0
1630991702.969,20.0,57.0
1630991703.158,20.0,59.0
1630991703.448,31.0,54.0
1630991703.592,29.0,24.0
1630991703.735,40.0,54.0
1630991703.789,14.0,35.0
1630991703.817,26.0,18.0
1630991703.969,32.0,6.0
1630991704.128,23.0,42.0
1630991704.186,26.0,58.0
1630991704.432,25.0,5.0
1630991704.514,25.0,4.0
1630991704.678,49.0,44.0
1630991704.858,27.0,45.0
1630991704.948,45.0,23.0
1630991705.128,17.0,59.0
1630991705.218,39.0,15.0
1630991705.505,20.0,22.0
1630991705.538,17.0,30.0
1630991705.62,11.0,8.0
1630991705.8,30.0,35.0
1630991706.066,11.0,13.0
1630991706.324,19.0,18.0
1630991706.369,8.0,11.0
1630991706.382,10.0,22.0
1630991706.509,37.0,49.0
1630991706.546,4.0,32.0
1630991706.796,11.0,47.0
