1629726972.320506,1019.0,993.0
1629726973.533026,1010.0,1001.0
1629726974.745705,1005.0,990.0
1629726975.9578922,1023.0,993.0
1629726977.1702578,1019.0,993.0
1629726978.3832488,1019.0,993.0
1629726979.595219,1005.0,990.0
1629726980.810302,1019.0,993.0
1629726982.0240278,1019.0,993.0
1629726983.235102,1009.0,1003.0
1629726984.44824,1016.0,993.0
1629726985.660404,1019.0,993.0
1629726986.872254,1018.0,993.0
1629726988.085519,1008.0,995.0
1629726989.297975,1007.0,990.0
1629726990.509942,1007.0,990.0
1629726991.724264,1007.0,990.0
1629726992.935806,1008.0,993.0
1629726994.1485791,1008.0,999.0
1629726995.3609018,1019.0,993.0
1629726996.57543,1009.0,1008.0
1629726997.787712,1005.0,991.0
1629726999.000062,1019.0,993.0
1629727000.2122319,1019.0,993.0
1629727001.4258618,1010.0,993.0
1629727002.638755,1009.0,1000.0
1629727003.850507,1005.0,990.0
1629727005.0627398,1005.0,990.0
1629727006.276341,1010.0,1001.0
1629727007.491101,1009.0,1000.0
1629727008.700755,1008.0,993.0
1629727009.9128761,1007.0,990.0
1629727011.12912,1008.0,993.0
1629727012.340971,1007.0,990.0
1629727013.553138,1008.0,993.0
1629727014.765387,1019.0,993.0
1629727015.978892,1009.0,1002.0
1629727017.1903958,1010.0,993.0
1629727018.4035861,1005.0,990.0
1629727019.616102,1005.0,990.0
1629727020.8282392,1006.0,995.0
1629727022.040156,1008.0,995.0
1629727023.253647,1010.0,1003.0
1629727024.465773,1016.0,993.0
1629727025.6777332,1008.0,993.0
1629727026.893704,1007.0,994.0
1629727028.1065211,1009.0,1000.0
1629727029.318808,1009.0,1003.0
1629727030.5312681,1010.0,1003.0
1629727031.7445061,1010.0,993.0
1629727032.956372,1006.0,993.0
1629727034.1685262,1019.0,993.0
1629727035.381742,1019.0,993.0
1629727036.594035,1019.0,993.0
1629727037.8059268,1018.0,993.0
1629727039.019646,1010.0,993.0
1629727040.234057,1009.0,1003.0
1629727041.446769,1009.0,1002.0
1629727042.6594958,1009.0,1003.0
1629727043.87112,1007.0,990.0
1629727045.0843048,1018.0,993.0
1629727046.29716,1006.0,993.0
1629727047.508758,1019.0,993.0
1629727048.7231832,1019.0,993.0
1629727049.9339032,1019.0,993.0
1629727051.1463199,1010.0,993.0
1629727052.359508,1019.0,993.0
1629727053.571842,1007.0,994.0
1629727054.783516,1010.0,993.0
1629727056.000195,1009.0,1002.0
1629727057.212464,1010.0,1002.0
1629727058.425907,1009.0,1003.0
1629727059.636587,1005.0,990.0
1629727060.8503182,1019.0,993.0
1629727062.062502,1016.0,993.0
1629727063.274314,1015.0,994.0
1629727064.487232,1005.0,990.0
1629727065.699997,1019.0,993.0
1629727066.912137,1019.0,993.0
1629727068.125029,1005.0,990.0
1629727069.336013,1006.0,993.0
1629727070.552015,1005.0,990.0
1629727071.764249,1005.0,990.0
1629727072.9767659,1005.0,990.0
1629727074.189515,1009.0,1000.0
1629727075.4017541,1007.0,990.0
1629727076.6147468,1008.0,995.0
1629727077.8273,1005.0,991.0
1629727079.040162,1009.0,1002.0
1629727080.2526028,1019.0,993.0
1629727081.467981,1009.0,1003.0
1629727082.679765,1010.0,1001.0
1629727083.891971,1019.0,993.0
1629727085.104925,1007.0,990.0
1629727086.3164449,1019.0,993.0
1629727087.530915,1019.0,993.0
1629727088.743072,1010.0,993.0
1629727089.954605,1006.0,993.0
1629727091.167766,1017.0,994.0
1629727092.380318,1017.0,994.0
1629727093.5927098,1010.0,1003.0
1629727094.808973,1009.0,1008.0
1629727096.0180118,1007.0,994.0
1629727097.2329202,1009.0,1002.0
1629727098.446607,1009.0,1009.0
1629727099.6578188,1015.0,994.0
1629727100.8712199,1019.0,993.0
1629727102.083209,1015.0,994.0
1629727103.295578,1018.0,993.0
1629727104.5075579,1006.0,993.0
1629727105.724545,1009.0,1008.0
1629727106.93295,1019.0,993.0
1629727108.145344,1005.0,990.0
1629727109.358613,1010.0,993.0
1629727110.57324,1009.0,1008.0
1629727111.785555,1019.0,993.0
1629727112.997865,1019.0,993.0
1629727114.2110012,1009.0,1003.0
1629727115.423737,1019.0,993.0
1629727116.636168,1010.0,993.0
1629727117.848747,1009.0,1000.0
1629727119.0607119,1019.0,993.0
1629727120.272646,1019.0,993.0
1629727121.486121,1015.0,994.0
1629727122.698655,1005.0,990.0
1629727123.910517,1007.0,990.0
1629727125.124799,1019.0,993.0
1629727126.335705,1018.0,993.0
1629727127.5510988,1009.0,1003.0
1629727128.763246,1009.0,1003.0
1629727129.976893,1009.0,1000.0
1629727131.189236,1009.0,1003.0
1629727132.4010618,1018.0,993.0
1629727133.614135,1007.0,990.0
1629727134.8295271,1009.0,1008.0
1629727136.041654,1009.0,1000.0
1629727137.2536802,1010.0,993.0
1629727138.466044,1006.0,993.0
1629727139.678184,1018.0,993.0
1629727140.893047,1009.0,1000.0
1629727142.10482,1009.0,1003.0
1629727143.3170931,1009.0,1000.0
1629727144.5294569,1009.0,1008.0
1629727145.742338,1010.0,993.0
1629727146.9549491,1007.0,994.0
1629727148.1691961,1005.0,990.0
1629727149.382493,1019.0,993.0
1629727150.594774,1019.0,993.0
1629727151.8069289,1019.0,993.0
1629727153.0199711,1019.0,993.0
1629727154.232042,1005.0,991.0
1629727155.445102,1019.0,993.0
1629727156.657473,1019.0,993.0
1629727157.8696818,1019.0,993.0
1629727159.081863,1008.0,993.0
1629727160.2956128,1009.0,1002.0
1629727161.50999,1009.0,1003.0
1629727162.719449,1016.0,993.0
1629727163.935395,1016.0,992.0
1629727165.146697,1019.0,993.0
1629727166.359205,1015.0,994.0
1629727167.572326,1007.0,994.0
1629727168.784429,1018.0,993.0
1629727169.9977632,1007.0,994.0
1629727171.2099571,1008.0,993.0
1629727172.423367,1010.0,1002.0
1629727173.635547,1010.0,993.0
1629727174.847805,1009.0,1003.0
1629727176.06256,1009.0,1003.0
1629727177.272117,1008.0,993.0
1629727178.488001,1005.0,990.0
1629727179.7009332,1009.0,1002.0
1629727180.9132512,1010.0,1000.0
1629727182.126344,1019.0,993.0
1629727183.337153,1018.0,992.0
1629727184.551195,1009.0,1003.0
1629727185.76327,1010.0,1001.0
1629727186.977718,1009.0,1003.0
1629727188.188639,1006.0,993.0
1629727189.403282,1005.0,990.0
1629727190.615426,1006.0,993.0
1629727191.828546,1009.0,1002.0
1629727193.041773,1018.0,993.0
1629727194.253472,1008.0,995.0
1629727195.465608,1010.0,999.0
1629727196.679282,1010.0,1003.0
1629727197.8958762,1007.0,990.0
1629727199.103183,1006.0,993.0
1629727200.315559,1005.0,990.0
1629727201.5290911,1007.0,994.0
1629727202.740963,1017.0,994.0
1629727203.9529731,1005.0,990.0
1629727205.169544,1009.0,1003.0
1629727206.38111,1017.0,994.0
1629727207.593343,1019.0,993.0
1629727208.8058062,1006.0,993.0
1629727210.019684,1009.0,1003.0
1629727211.231307,1019.0,993.0
1629727212.444083,1009.0,1008.0
1629727213.655679,1006.0,993.0
1629727214.869369,1008.0,995.0
1629727216.081589,1007.0,990.0
1629727217.29659,1009.0,1002.0
1629727218.508787,1019.0,993.0
1629727219.7242901,1017.0,994.0
1629727220.9332092,1019.0,993.0
1629727222.147381,1009.0,1003.0
1629727223.3593411,1007.0,994.0
1629727224.571431,1006.0,993.0
1629727225.784079,1010.0,1003.0
1629727226.9973462,1009.0,1003.0
1629727228.209656,1016.0,993.0
1629727229.421642,1018.0,993.0
1629727230.637471,1010.0,1003.0
1629727231.849779,1015.0,994.0
1629727233.062576,1010.0,1003.0
1629727234.274535,1019.0,993.0
1629727235.4869068,1009.0,1003.0
1629727236.7002869,1008.0,999.0
1629727237.91222,1010.0,993.0
1629727239.125222,1017.0,994.0
1629727240.337326,1007.0,990.0
1629727241.549782,1019.0,993.0
1629727242.764373,1009.0,1008.0
1629727243.973823,1008.0,995.0
1629727245.189924,1019.0,993.0
1629727246.4022012,1015.0,994.0
1629727247.614378,1009.0,994.0
1629727248.828555,1019.0,993.0
1629727250.0409842,1009.0,1002.0
1629727251.252576,1018.0,993.0
1629727252.46495,1015.0,994.0
1629727253.676884,1010.0,993.0
1629727254.890359,1007.0,990.0
1629727256.102435,1019.0,993.0
1629727257.3147259,1019.0,993.0
1629727258.528047,1008.0,995.0
1629727259.740751,1005.0,990.0
1629727260.952269,1008.0,993.0
1629727262.1668851,1008.0,995.0
1629727263.379713,1010.0,999.0
1629727264.5916889,1010.0,999.0
1629727265.804,1018.0,993.0
1629727267.0180511,1019.0,993.0
1629727268.232385,1009.0,1002.0
1629727269.442603,1009.0,1002.0
1629727270.655613,1010.0,993.0
1629727271.867924,1015.0,994.0
1629727273.082766,1010.0,1003.0
1629727274.2954838,1009.0,1002.0
1629727275.507159,1019.0,993.0
1629727276.720725,1007.0,990.0
1629727277.932898,1008.0,995.0
1629727279.145947,1009.0,1010.0
1629727280.357674,1005.0,990.0
1629727281.569908,1007.0,990.0
1629727282.783405,1019.0,993.0
1629727283.995462,1005.0,990.0
1629727285.207604,1005.0,990.0
1629727286.420831,1005.0,990.0
1629727287.633488,1016.0,993.0
1629727288.8450701,1008.0,993.0
1629727290.0582578,1017.0,994.0
1629727291.272976,1009.0,1003.0
1629727292.485228,1019.0,993.0
1629727293.697568,1006.0,993.0
1629727294.909827,1016.0,992.0
1629727296.1250088,1010.0,1003.0
1629727297.335941,1009.0,1003.0
1629727298.547988,1008.0,995.0
1629727299.76175,1009.0,1002.0
1629727300.973515,1019.0,993.0
1629727302.185597,1019.0,993.0
1629727303.397641,1019.0,993.0
1629727304.613642,1005.0,990.0
1629727305.826947,1005.0,990.0
1629727307.0380921,1018.0,993.0
1629727308.250623,1007.0,994.0
1629727309.4634519,1019.0,993.0
1629727310.675528,1008.0,995.0
1629727311.8888042,1015.0,994.0
1629727313.1009018,1019.0,993.0
1629727314.312741,1006.0,993.0
1629727315.527336,1019.0,993.0
1629727316.7384489,1006.0,995.0
1629727317.950408,1005.0,990.0
1629727319.163699,1010.0,993.0
1629727320.378918,1009.0,1008.0
1629727321.588819,1019.0,993.0
1629727322.8030112,1005.0,990.0
1629727324.015142,1019.0,993.0
1629727325.229207,1019.0,993.0
1629727326.441057,1010.0,992.0
1629727327.653688,1005.0,990.0
1629727328.865862,1007.0,994.0
1629727330.0781188,1009.0,1002.0
1629727331.291806,1009.0,1003.0
1629727332.503396,1008.0,995.0
1629727333.7157419,1019.0,993.0
1629727334.929224,1019.0,993.0
1629727336.14114,1007.0,994.0
1629727337.355632,1010.0,1003.0
1629727338.569324,1008.0,995.0
1629727339.78141,1005.0,990.0
1629727340.993671,1019.0,993.0
1629727342.206212,1010.0,993.0
1629727343.418705,1007.0,990.0
1629727344.632124,1009.0,1003.0
1629727345.8440251,1019.0,993.0
1629727347.056226,1009.0,1008.0
1629727348.272206,1009.0,1002.0
1629727349.481864,1008.0,999.0
1629727350.696455,1019.0,993.0
1629727351.909389,1010.0,1003.0
1629727353.122848,1010.0,1003.0
1629727354.335246,1009.0,1003.0
1629727355.547413,1019.0,993.0
1629727356.759729,1009.0,1002.0
1629727357.971464,1010.0,993.0
1629727359.187716,1009.0,1003.0
1629727360.398252,1009.0,994.0
1629727361.6120021,1017.0,994.0
1629727362.825737,1009.0,1003.0
1629727364.036777,1009.0,994.0
1629727365.249577,1005.0,990.0
1629727366.46311,1010.0,1001.0
1629727367.675454,1010.0,1003.0
1629727368.8873768,1008.0,995.0
1629727370.099526,1005.0,990.0
1629727371.315726,1009.0,1003.0
1629727372.527921,1009.0,1003.0
1629727373.740509,1015.0,994.0
1629727374.952506,1010.0,993.0
1629727376.1647239,1019.0,993.0
1629727377.377462,1019.0,993.0
1629727378.591219,1009.0,1003.0
1629727379.802803,1005.0,990.0
1629727381.014059,1005.0,990.0
1629727382.228676,1019.0,993.0
1629727383.4404511,1018.0,993.0
1629727384.652489,1010.0,993.0
1629727385.866645,1019.0,993.0
1629727387.080833,1009.0,1008.0
1629727388.293936,1009.0,1008.0
1629727389.5054479,1005.0,990.0
1629727390.71803,1009.0,1003.0
1629727391.931477,1010.0,993.0
1629727393.1468742,1005.0,990.0
1629727394.3556979,1008.0,994.0
1629727395.569074,1019.0,993.0
1629727396.78123,1019.0,993.0
1629727397.992983,1008.0,995.0
1629727399.2094588,1009.0,1008.0
1629727400.4190772,1010.0,993.0
1629727401.630949,1019.0,993.0
1629727402.845518,1019.0,993.0
1629727404.057913,1018.0,993.0
1629727405.270454,1005.0,990.0
1629727406.4827368,1006.0,993.0
1629727407.696467,1007.0,990.0
1629727408.9089742,1010.0,1000.0
1629727410.1211572,1019.0,993.0
1629727411.333204,1010.0,993.0
1629727412.546366,1005.0,990.0
1629727413.75844,1016.0,993.0
1629727414.9713101,1009.0,994.0
1629727416.183946,1005.0,990.0
1629727417.395991,1007.0,990.0
1629727418.610909,1009.0,1003.0
1629727419.824218,1009.0,1003.0
1629727421.037428,1005.0,990.0
1629727422.2491121,1007.0,990.0
1629727423.461494,1009.0,1008.0
1629727424.673894,1009.0,1003.0
1629727425.88673,1010.0,993.0
1629727427.098988,1018.0,993.0
1629727428.311147,1019.0,993.0
1629727429.52543,1019.0,993.0
1629727430.739878,1009.0,1003.0
1629727431.951404,1019.0,993.0
1629727433.163608,1018.0,993.0
1629727434.375804,1005.0,990.0
1629727435.588812,1019.0,993.0
1629727436.802161,1010.0,993.0
1629727438.01391,1008.0,993.0
1629727439.226908,1010.0,993.0
1629727440.439629,1007.0,994.0
1629727441.654057,1005.0,990.0
1629727442.863561,1005.0,990.0
1629727444.077055,1005.0,990.0
1629727445.293098,1009.0,1003.0
1629727446.501722,1016.0,993.0
1629727447.713666,1008.0,995.0
1629727448.929891,1005.0,991.0
1629727450.1417332,1010.0,993.0
1629727451.35467,1009.0,1008.0
1629727452.567146,1010.0,993.0
1629727453.778948,1007.0,990.0
1629727454.992104,1018.0,993.0
1629727456.205466,1009.0,1008.0
1629727457.416426,1010.0,993.0
1629727458.629344,1009.0,1003.0
1629727459.844917,1009.0,1003.0
1629727461.0577059,1009.0,1002.0
1629727462.269495,1019.0,993.0
1629727463.484,1007.0,990.0
1629727464.69424,1010.0,993.0
1629727465.9076538,1019.0,993.0
1629727467.1196969,1019.0,993.0
1629727468.332951,1009.0,1008.0
1629727469.5454788,1015.0,994.0
1629727470.757696,1009.0,1008.0
1629727471.969911,1006.0,993.0
1629727473.181818,1005.0,990.0
1629727474.395054,1019.0,993.0
1629727475.610467,1009.0,1003.0
1629727476.821952,1005.0,990.0
1629727478.0348108,1017.0,994.0
1629727479.2480252,1018.0,993.0
1629727480.460174,1010.0,995.0
1629727481.672155,1008.0,993.0
1629727482.885709,1006.0,993.0
1629727484.0980191,1005.0,990.0
1629727485.3097558,1005.0,990.0
1629727486.524087,1005.0,990.0
1629727487.7380211,1009.0,1008.0
1629727488.947488,1008.0,993.0
1629727490.1627479,1009.0,1002.0
1629727491.375943,1006.0,993.0
1629727492.588033,1009.0,994.0
1629727493.800865,1007.0,990.0
1629727495.012952,1005.0,990.0
1629727496.225708,1018.0,993.0
1629727497.438028,1007.0,994.0
1629727498.650591,1008.0,993.0
1629727499.862784,1010.0,1003.0
1629727501.074649,1010.0,993.0
1629727502.288139,1005.0,990.0
1629727503.5003562,1019.0,993.0
1629727504.712227,1008.0,995.0
1629727505.926625,1010.0,993.0
1629727507.1405199,1008.0,995.0
1629727508.352916,1010.0,992.0
1629727509.565182,1006.0,993.0
1629727510.777367,1007.0,990.0
1629727511.990391,1010.0,1002.0
1629727513.203236,1005.0,990.0
1629727514.415701,1019.0,993.0
1629727515.627732,1005.0,990.0
1629727516.839909,1008.0,993.0
1629727518.053199,1005.0,990.0
1629727519.265114,1019.0,993.0
1629727520.477479,1005.0,990.0
1629727521.690798,1008.0,993.0
1629727522.902771,1008.0,995.0
1629727524.11805,1009.0,1003.0
1629727525.3301508,1007.0,994.0
1629727526.5431669,1005.0,990.0
1629727527.755815,1019.0,993.0
1629727528.967757,1008.0,993.0
1629727530.181611,1010.0,1003.0
1629727531.393379,1007.0,994.0
1629727532.605459,1006.0,993.0
1629727533.818858,1006.0,993.0
1629727535.0308108,1019.0,993.0
1629727536.243052,1010.0,993.0
1629727537.455102,1019.0,993.0
1629727538.668478,1017.0,994.0
1629727539.880307,1008.0,993.0
1629727541.095531,1009.0,1008.0
1629727542.308671,1007.0,990.0
1629727543.521434,1007.0,990.0
1629727544.733397,1005.0,991.0
1629727545.9453042,1019.0,993.0
1629727547.15897,1009.0,1003.0
1629727548.3711019,1008.0,993.0
1629727549.582964,1005.0,991.0
1629727550.796253,1019.0,993.0
1629727552.008734,1006.0,993.0
1629727553.22438,1009.0,1003.0
1629727554.4356601,1007.0,994.0
1629727555.648021,1006.0,993.0
1629727556.8606179,1008.0,995.0
1629727558.07343,1009.0,1002.0
1629727559.2857149,1008.0,993.0
1629727560.499209,1010.0,1001.0
1629727561.711465,1009.0,1002.0
1629727562.924303,1019.0,993.0
1629727564.136631,1017.0,994.0
1629727565.3515189,1009.0,1000.0
1629727566.563746,1019.0,993.0
1629727567.775916,1019.0,993.0
1629727568.988958,1009.0,1002.0
1629727570.202614,1019.0,993.0
1629727571.41424,1019.0,993.0
1629727572.627178,1019.0,993.0
1629727573.839596,1017.0,994.0
1629727575.0520341,1018.0,993.0
1629727576.263901,1018.0,993.0
1629727577.475932,1017.0,994.0
1629727578.689155,1019.0,993.0
1629727579.901713,1017.0,994.0
1629727581.116229,1009.0,1003.0
1629727582.330078,1009.0,1002.0
1629727583.542031,1019.0,993.0
1629727584.754387,1005.0,990.0
1629727585.967145,1019.0,993.0
1629727587.179283,1017.0,994.0
1629727588.391211,1007.0,994.0
1629727589.6046479,1006.0,993.0
1629727590.817188,1009.0,1003.0
1629727592.029203,1008.0,994.0
1629727593.241327,1008.0,995.0
1629727594.454751,1005.0,990.0
1629727595.666718,1010.0,995.0
1629727596.881525,1009.0,1008.0
1629727598.095007,1019.0,993.0
1629727599.3079302,1010.0,1000.0
1629727600.5199082,1018.0,994.0
1629727601.73222,1008.0,995.0
1629727602.943934,1010.0,993.0
1629727604.1572511,1015.0,994.0
1629727605.370037,1006.0,993.0
1629727606.582026,1008.0,995.0
1629727607.795634,1009.0,1008.0
1629727609.010632,1009.0,1003.0
1629727610.220514,1005.0,990.0
1629727611.435167,1007.0,994.0
1629727612.647142,1008.0,993.0
1629727613.859671,1007.0,990.0
1629727615.071737,1019.0,993.0
1629727616.284864,1009.0,1000.0
1629727617.4977338,1010.0,993.0
1629727618.709861,1019.0,993.0
1629727619.92339,1019.0,993.0
1629727621.135344,1019.0,993.0
1629727622.3478038,1010.0,993.0
1629727623.559532,1019.0,993.0
1629727624.7730439,1007.0,990.0
1629727625.985655,1007.0,990.0
1629727627.1969962,1007.0,990.0
1629727628.4143019,1019.0,993.0
1629727629.626395,1005.0,991.0
1629727630.8375812,1008.0,995.0
1629727632.050096,1019.0,993.0
1629727633.262059,1005.0,991.0
1629727634.4747121,1010.0,992.0
1629727635.6879349,1005.0,990.0
1629727636.9001331,1016.0,993.0
1629727638.1119769,1005.0,990.0
1629727639.325377,1008.0,995.0
1629727640.537554,1007.0,990.0
1629727641.749755,1018.0,993.0
1629727642.964736,1009.0,1008.0
1629727644.175361,1005.0,990.0
1629727645.3877041,1010.0,993.0
1629727646.602439,1010.0,995.0
1629727647.814504,1019.0,993.0
1629727649.026808,1006.0,993.0
1629727650.239773,1009.0,1002.0
1629727651.4521909,1019.0,993.0
1629727652.665268,1008.0,993.0
1629727653.877355,1005.0,991.0
1629727655.089996,1017.0,994.0
1629727656.303136,1007.0,990.0
1629727657.51529,1008.0,995.0
1629727658.727241,1007.0,990.0
1629727659.9434292,1009.0,1002.0
1629727661.1529012,1019.0,993.0
1629727662.368247,1010.0,1003.0
1629727663.5800161,1008.0,995.0
1629727664.79217,1019.0,993.0
1629727666.0046542,1008.0,993.0
1629727667.217904,1010.0,992.0
1629727668.4301062,1019.0,993.0
1629727669.642099,1016.0,993.0
1629727670.855587,1008.0,995.0
1629727672.0677068,1006.0,993.0
1629727673.279758,1019.0,993.0
1629727674.492934,1007.0,990.0
1629727675.7079308,1009.0,1002.0
1629727676.91753,1005.0,990.0
1629727678.132202,1010.0,992.0
1629727679.3457012,1010.0,999.0
1629727680.557997,1005.0,990.0
1629727681.770916,1005.0,990.0
1629727682.983022,1007.0,990.0
1629727684.1951191,1019.0,993.0
1629727685.40844,1007.0,994.0
1629727686.620467,1010.0,993.0
1629727687.832785,1010.0,999.0
1629727689.0460448,1019.0,993.0
1629727690.2578702,1007.0,990.0
1629727691.4704618,1009.0,1002.0
1629727692.684913,1006.0,993.0
1629727693.8986082,1010.0,1001.0
1629727695.1105971,1017.0,994.0
1629727696.3242009,1009.0,1003.0
1629727697.535584,1019.0,993.0
1629727698.747954,1009.0,1008.0
1629727699.961308,1005.0,990.0
1629727701.173545,1009.0,1008.0
1629727702.385225,1005.0,990.0
1629727703.599275,1019.0,993.0
1629727704.810954,1007.0,990.0
1629727706.023943,1019.0,993.0
1629727707.235151,1005.0,990.0
1629727708.4513779,1019.0,993.0
1629727709.663989,1009.0,1000.0
1629727710.8757172,1010.0,992.0
1629727712.088244,1019.0,993.0
1629727713.301698,1010.0,999.0
1629727714.513855,1009.0,1003.0
1629727715.727131,1007.0,990.0
1629727716.9384582,1016.0,992.0
1629727718.151585,1006.0,993.0
1629727719.366691,1009.0,1003.0
1629727720.576139,1019.0,993.0
1629727721.788148,1006.0,993.0
1629727723.0042,1007.0,990.0
1629727724.217037,1010.0,1003.0
1629727725.429908,1019.0,1001.0
1629727726.6414201,1016.0,993.0
1629727727.853416,1007.0,990.0
1629727729.068021,1009.0,1002.0
1629727730.279346,1007.0,990.0
1629727731.4940999,1009.0,1002.0
1629727732.703603,1005.0,990.0
1629727733.916878,1007.0,990.0
1629727735.1317189,1019.0,993.0
1629727736.344576,1009.0,1008.0
1629727737.556268,1019.0,993.0
1629727738.768794,1019.0,993.0
1629727739.982402,1009.0,1003.0
1629727741.1947289,1009.0,1002.0
1629727742.407584,1008.0,993.0
1629727743.620129,1010.0,1001.0
1629727744.832351,1007.0,990.0
1629727746.0440488,1010.0,993.0
1629727747.260745,1009.0,1003.0
1629727748.472236,1019.0,993.0
1629727749.684729,1006.0,995.0
1629727750.897198,1005.0,990.0
1629727752.109729,1010.0,993.0
1629727753.323641,1005.0,990.0
1629727754.534743,1007.0,990.0
1629727755.7473779,1005.0,990.0
1629727756.959743,1009.0,1002.0
1629727758.176803,1009.0,1000.0
1629727759.3857129,1018.0,992.0
1629727760.59761,1019.0,993.0
1629727761.812052,1005.0,990.0
1629727763.027004,1009.0,1000.0
1629727764.237665,1016.0,992.0
1629727765.450716,1010.0,1003.0
1629727766.662744,1009.0,1003.0
1629727767.875919,1005.0,990.0
1629727769.087893,1010.0,992.0
1629727770.30039,1009.0,1002.0
1629727771.5134258,1008.0,995.0
1629727772.72661,1006.0,995.0
1629727773.940846,1010.0,1003.0
1629727775.152457,1005.0,990.0
1629727776.364778,1007.0,990.0
1629727777.578579,1005.0,990.0
1629727778.7906282,1019.0,993.0
1629727780.002608,1010.0,992.0
1629727781.215811,1008.0,995.0
1629727782.428242,1006.0,993.0
1629727783.640198,1010.0,993.0
1629727784.853454,1019.0,993.0
1629727786.065438,1019.0,993.0
1629727787.277708,1007.0,994.0
1629727788.491195,1019.0,993.0
1629727789.703191,1019.0,993.0
1629727790.91786,1009.0,1003.0
1629727792.130625,1005.0,990.0
1629727793.342717,1018.0,993.0
1629727794.555051,1008.0,995.0
1629727795.7689211,1005.0,990.0
1629727796.980934,1008.0,993.0
1629727798.193124,1009.0,1002.0
1629727799.4073129,1010.0,1003.0
1629727800.618774,1010.0,992.0
1629727801.8313432,1007.0,990.0
1629727803.043087,1016.0,993.0
1629727804.255148,1007.0,990.0
1629727805.46859,1007.0,990.0
1629727806.6846342,1009.0,1003.0
1629727807.895978,1009.0,1000.0
1629727809.108406,1018.0,992.0
1629727810.322752,1008.0,993.0
1629727811.5336199,1019.0,993.0
1629727812.745836,1009.0,1008.0
1629727813.9616,1005.0,990.0
1629727815.1715531,1007.0,994.0
1629727816.383436,1007.0,994.0
1629727817.596746,1019.0,993.0
1629727818.81157,1010.0,1001.0
1629727820.024677,1005.0,991.0
1629727821.236032,1005.0,990.0
1629727822.4482229,1019.0,993.0
1629727823.660685,1015.0,994.0
1629727824.874658,1009.0,1003.0
1629727826.086288,1007.0,993.0
1629727827.299797,1008.0,995.0
1629727828.512297,1005.0,990.0
1629727829.7249632,1019.0,993.0
1629727830.936218,1009.0,1003.0
1629727832.149729,1010.0,999.0
1629727833.3643122,1009.0,1008.0
1629727834.5764658,1019.0,993.0
1629727835.788926,1010.0,993.0
1629727837.001029,1008.0,993.0
1629727838.213918,1009.0,1002.0
1629727839.42723,1018.0,993.0
1629727840.639199,1010.0,992.0
1629727841.8515358,1008.0,995.0
1629727843.064725,1005.0,990.0
1629727844.276741,1017.0,993.0
1629727845.4887848,1008.0,995.0
1629727846.702881,1010.0,999.0
1629727847.914262,1019.0,993.0
1629727849.1275,1018.0,992.0
1629727850.342407,1009.0,1003.0
1629727851.5547268,1005.0,990.0
1629727852.7669,1019.0,993.0
1629727853.979871,1008.0,1003.0
1629727855.1918201,1009.0,994.0
1629727856.4042912,1019.0,993.0
1629727857.6172879,1009.0,1003.0
1629727858.830119,1009.0,1008.0
1629727860.044449,1010.0,1001.0
1629727861.2578938,1009.0,1003.0
1629727862.470363,1019.0,993.0
1629727863.683258,1009.0,1003.0
1629727864.8951428,1005.0,990.0
1629727866.10722,1019.0,993.0
1629727867.320437,1018.0,993.0
1629727868.533013,1009.0,1003.0
1629727869.7449431,1010.0,993.0
1629727870.9582238,1008.0,995.0
1629727872.1706638,1019.0,993.0
1629727873.382654,1018.0,993.0
1629727874.59453,1006.0,993.0
1629727875.807659,1006.0,993.0
1629727877.0238411,1009.0,1008.0
1629727878.234847,1019.0,993.0
1629727879.446976,1005.0,994.0
1629727880.661013,1019.0,993.0
1629727881.873156,1009.0,1003.0
1629727883.084901,1007.0,990.0
1629727884.298646,1019.0,993.0
1629727885.5105941,1010.0,992.0
1629727886.723938,1009.0,1003.0
1629727887.935956,1015.0,994.0
1629727889.148044,1009.0,994.0
1629727890.3600729,1005.0,990.0
1629727891.575936,1005.0,990.0
1629727892.788498,1007.0,990.0
1629727894.000614,1019.0,993.0
1629727895.21312,1005.0,990.0
1629727896.4266791,1005.0,990.0
1629727897.638844,1009.0,1003.0
1629727898.850654,1005.0,990.0
1629727900.062861,1008.0,999.0
1629727901.276108,1019.0,993.0
1629727902.4885929,1009.0,1003.0
1629727903.703157,1009.0,1000.0
1629727904.915549,1010.0,1000.0
1629727906.127986,1016.0,993.0
1629727907.340412,1005.0,990.0
1629727908.553696,1007.0,990.0
1629727909.766334,1019.0,993.0
1629727910.978175,1007.0,994.0
1629727912.1904588,1006.0,993.0
1629727913.40396,1009.0,1003.0
1629727914.6158578,1006.0,993.0
1629727915.828012,1007.0,990.0
1629727917.041525,1019.0,993.0
1629727918.2538838,1018.0,992.0
1629727919.465469,1010.0,993.0
1629727920.681955,1010.0,1003.0
1629727921.893729,1010.0,993.0
1629727923.10593,1009.0,994.0
1629727924.318202,1008.0,993.0
1629727925.530957,1019.0,993.0
1629727926.7440069,1009.0,993.0
1629727927.956028,1018.0,993.0
1629727929.168031,1017.0,993.0
1629727930.381752,1010.0,999.0
1629727931.593956,1019.0,993.0
1629727932.805634,1010.0,992.0
1629727934.019534,1009.0,1008.0
1629727935.231738,1019.0,993.0
1629727936.443427,1010.0,993.0
1629727937.6581042,1006.0,993.0
1629727938.871698,1009.0,994.0
1629727940.084089,1019.0,993.0
1629727941.304833,1009.0,1003.0
1629727942.509272,1009.0,1003.0
1629727943.720861,1015.0,994.0
1629727944.934558,1007.0,990.0
1629727946.146816,1017.0,993.0
1629727947.358722,1010.0,992.0
1629727948.570793,1007.0,990.0
1629727949.78418,1005.0,990.0
1629727950.999254,1009.0,1008.0
1629727952.2121449,1009.0,1002.0
1629727953.424715,1005.0,990.0
1629727954.636568,1010.0,1003.0
1629727955.850191,1009.0,1003.0
1629727957.062367,1008.0,995.0
1629727958.274027,1005.0,990.0
1629727959.486301,1008.0,995.0
1629727960.699821,1005.0,990.0
1629727961.9147468,1009.0,1008.0
1629727963.1253278,1010.0,992.0
1629727964.339251,1009.0,1008.0
1629727965.552439,1019.0,993.0
1629727966.765624,1009.0,1008.0
1629727967.977139,1006.0,993.0
1629727969.189764,1009.0,1003.0
1629727970.403293,1010.0,1000.0
1629727971.615246,1009.0,1003.0
1629727972.8301408,1009.0,1003.0
1629727974.042824,1010.0,1001.0
1629727975.255679,1006.0,993.0
1629727976.4680362,1019.0,993.0
1629727977.68066,1019.0,993.0
1629727978.8926258,1019.0,993.0
1629727980.106121,1009.0,1002.0
1629727981.318872,1009.0,1003.0
1629727982.530263,1008.0,993.0
1629727983.74646,1009.0,1008.0
1629727984.95603,1010.0,992.0
1629727986.170927,1016.0,992.0
1629727987.3829591,1005.0,990.0
1629727988.595341,1016.0,992.0
1629727989.807491,1008.0,995.0
1629727991.0204449,1005.0,990.0
1629727992.23362,1016.0,992.0
1629727993.4457338,1019.0,993.0
1629727994.657673,1005.0,991.0
1629727995.8714082,1009.0,1000.0
1629727997.083898,1009.0,1003.0
1629727998.296535,1007.0,990.0
1629727999.507954,1010.0,999.0
1629728000.720255,1007.0,990.0
1629728001.9334881,1008.0,995.0
1629728003.149014,1009.0,1003.0
1629728004.360596,1019.0,993.0
1629728005.5735092,1006.0,993.0
1629728006.7872052,1009.0,1000.0
1629728007.999211,1010.0,1001.0
1629728009.2112849,1015.0,994.0
1629728010.424087,1007.0,990.0
1629728011.639494,1009.0,1000.0
1629728012.851731,1009.0,1002.0
1629728014.064478,1009.0,1002.0
1629728015.276383,1010.0,993.0
1629728016.489494,1009.0,1002.0
1629728017.702317,1006.0,993.0
1629728018.9146,1009.0,1003.0
1629728020.127595,1009.0,1000.0
1629728021.339382,1010.0,992.0
1629728022.552673,1018.0,992.0
1629728023.7644002,1018.0,993.0
1629728024.979285,1009.0,1000.0
1629728026.193011,1009.0,1000.0
1629728027.40582,1009.0,1000.0
1629728028.61777,1009.0,1002.0
1629728029.83056,1009.0,1003.0
1629728031.043137,1019.0,993.0
1629728032.2554398,1005.0,991.0
1629728033.468011,1019.0,993.0
1629728034.679817,1019.0,993.0
1629728035.8929422,1008.0,993.0
1629728037.10755,1015.0,994.0
1629728038.319865,1007.0,990.0
1629728039.5326421,1009.0,1003.0
1629728040.746145,1010.0,1001.0
1629728041.957813,1006.0,993.0
1629728043.170327,1005.0,990.0
1629728044.383565,1006.0,993.0
1629728045.5956101,1005.0,991.0
1629728046.808842,1009.0,1008.0
1629728048.0204859,1008.0,993.0
1629728049.236222,1009.0,1003.0
1629728050.4488509,1008.0,993.0
1629728051.6610072,1007.0,990.0
1629728052.873682,1009.0,1003.0
1629728054.085767,1006.0,995.0
1629728055.297892,1019.0,993.0
1629728056.511189,1019.0,993.0
1629728057.724601,1019.0,993.0
1629728058.9385102,1010.0,993.0
1629728060.1476018,1005.0,990.0
1629728061.361204,1009.0,1003.0
1629728062.5732,1008.0,995.0
1629728063.788043,1009.0,1008.0
1629728065.0021,1009.0,1003.0
1629728066.2137878,1007.0,990.0
1629728067.4265869,1006.0,993.0
1629728068.638433,1010.0,993.0
1629728069.851808,1005.0,990.0
1629728071.063532,1007.0,990.0
1629728072.2758489,1010.0,992.0
1629728073.4897149,1009.0,1003.0
1629728074.7020302,1015.0,994.0
1629728075.9136388,1006.0,993.0
1629728077.126695,1005.0,993.0
1629728078.341758,1010.0,1003.0
1629728079.553985,1019.0,993.0
1629728080.766876,1009.0,1008.0
1629728081.9793532,1009.0,1008.0
1629728083.192081,1016.0,992.0
1629728084.406742,1006.0,993.0
1629728085.616755,1009.0,1003.0
1629728086.828867,1007.0,994.0
1629728088.044826,1009.0,1008.0
1629728089.254293,1006.0,993.0
1629728090.469675,1009.0,1003.0
1629728091.68133,1009.0,994.0
1629728092.8953521,1010.0,1001.0
1629728094.107284,1005.0,990.0
1629728095.319516,1018.0,992.0
1629728096.532038,1006.0,993.0
1629728097.745013,1005.0,990.0
1629728098.957331,1019.0,993.0
1629728100.169377,1010.0,992.0
1629728101.381519,1019.0,993.0
1629728102.59486,1006.0,993.0
1629728103.806952,1006.0,993.0
1629728105.019048,1006.0,993.0
1629728106.235142,1019.0,993.0
1629728107.4472902,1007.0,991.0
1629728108.659743,1005.0,990.0
1629728109.8723571,1009.0,1000.0
1629728111.0843809,1006.0,993.0
1629728112.29772,1018.0,992.0
1629728113.5097542,1010.0,993.0
1629728114.723267,1010.0,992.0
1629728115.935324,1016.0,992.0
1629728117.147415,1006.0,993.0
1629728118.359394,1007.0,994.0
1629728119.5720608,1005.0,994.0
1629728120.787652,1009.0,1003.0
1629728121.9971352,1010.0,992.0
1629728123.21194,1009.0,994.0
1629728124.425112,1016.0,992.0
1629728125.637019,1009.0,1003.0
1629728126.8508968,1018.0,993.0
1629728128.0623538,1006.0,993.0
1629728129.2741802,1006.0,993.0
1629728130.4877372,1019.0,993.0
1629728131.700323,1009.0,1003.0
1629728132.9125812,1009.0,1003.0
1629728134.126428,1017.0,994.0
1629728135.337481,1019.0,993.0
1629728136.549567,1005.0,990.0
1629728137.764492,1008.0,993.0
1629728138.9778728,1008.0,995.0
1629728140.191106,1009.0,1003.0
1629728141.403562,1009.0,1000.0
1629728142.615603,1010.0,1003.0
1629728143.828653,1010.0,1003.0
1629728145.0403981,1019.0,993.0
1629728146.256236,1009.0,1003.0
1629728147.465887,1006.0,993.0
1629728148.6806788,1019.0,993.0
1629728149.892975,1019.0,993.0
1629728151.105769,1009.0,1003.0
1629728152.317824,1008.0,999.0
1629728153.531293,1019.0,993.0
1629728154.743225,1005.0,990.0
1629728155.955746,1006.0,993.0
1629728157.168916,1010.0,992.0
1629728158.3809988,1019.0,993.0
1629728159.592893,1007.0,990.0
1629728160.806543,1005.0,990.0
1629728162.021398,1009.0,1002.0
1629728163.230819,1015.0,994.0
1629728164.446181,1009.0,1003.0
1629728165.657891,1019.0,993.0
1629728166.870977,1019.0,993.0
1629728168.084115,1018.0,993.0
1629728169.296423,1019.0,993.0
1629728170.508064,1019.0,993.0
1629728171.724465,1019.0,993.0
1629728172.933721,1005.0,990.0
1629728174.1459022,1007.0,990.0
1629728175.359083,1007.0,994.0
1629728176.5709991,1019.0,993.0
1629728177.7833128,1016.0,992.0
1629728179.001444,1009.0,1008.0
1629728180.212268,1009.0,1008.0
1629728181.424808,1019.0,993.0
1629728182.6360278,1010.0,993.0
1629728183.8486688,1010.0,993.0
1629728185.060964,1009.0,1003.0
1629728186.274132,1005.0,990.0
1629728187.486263,1007.0,990.0
1629728188.698223,1005.0,990.0
1629728189.911606,1008.0,995.0
1629728191.1249979,1018.0,992.0
1629728192.3359208,1006.0,993.0
1629728193.5492659,1019.0,993.0
1629728194.761525,1008.0,995.0
1629728195.976634,1009.0,1003.0
1629728197.188598,1005.0,994.0
1629728198.400718,1005.0,990.0
1629728199.6145742,1005.0,990.0
1629728200.8275259,1009.0,994.0
1629728202.038839,1010.0,993.0
1629728203.250881,1019.0,993.0
1629728204.464409,1005.0,990.0
1629728205.6763709,1005.0,990.0
1629728206.888424,1007.0,994.0
1629728208.101783,1007.0,994.0
1629728209.313928,1019.0,993.0
1629728210.527036,1019.0,993.0
1629728211.741549,1019.0,993.0
1629728212.951732,1019.0,993.0
1629728214.1660101,1007.0,994.0
1629728215.378195,1006.0,993.0
1629728216.590657,1009.0,994.0
1629728217.8040252,1007.0,990.0
1629728219.016784,1019.0,993.0
1629728220.229101,1005.0,990.0
1629728221.4408488,1017.0,993.0
1629728222.654047,1015.0,994.0
1629728223.866734,1009.0,1008.0
1629728225.0784929,1007.0,990.0
1629728226.292175,1010.0,1001.0
1629728227.504042,1019.0,993.0
1629728228.716104,1019.0,993.0
1629728229.932082,1008.0,995.0
1629728231.144186,1007.0,990.0
1629728232.356508,1006.0,993.0
1629728233.569393,1009.0,1003.0
1629728234.781606,1005.0,991.0
1629728235.9946408,1019.0,993.0
1629728237.206985,1009.0,1008.0
1629728238.419051,1019.0,993.0
1629728239.631392,1005.0,991.0
1629728240.8443599,1007.0,990.0
1629728242.059551,1009.0,1008.0
1629728243.271737,1010.0,1001.0
1629728244.483998,1007.0,990.0
1629728245.696167,1019.0,993.0
1629728246.910471,1007.0,990.0
1629728248.1231391,1005.0,990.0
1629728249.334244,1009.0,994.0
1629728250.5465212,1005.0,990.0
1629728251.759543,1005.0,990.0
1629728252.971974,1018.0,993.0
1629728254.1838982,1006.0,993.0
1629728255.397181,1006.0,993.0
1629728256.609503,1009.0,1003.0
1629728257.8252192,1009.0,1003.0
1629728259.037718,1007.0,990.0
1629728260.250023,1005.0,990.0
1629728261.462903,1009.0,1003.0
1629728262.6750588,1009.0,1000.0
1629728263.887234,1010.0,1003.0
1629728265.1005461,1007.0,990.0
1629728266.3126569,1019.0,993.0
1629728267.525719,1010.0,992.0
1629728268.7381198,1010.0,992.0
1629728269.952853,1019.0,1001.0
1629728271.165299,1006.0,993.0
1629728272.377414,1010.0,992.0
1629728273.666929,1005.0,990.0
1629728274.802023,1005.0,990.0
1629728276.0149891,1019.0,993.0
1629728277.228123,1016.0,992.0
1629728278.440347,1006.0,995.0
1629728279.652544,1009.0,1003.0
1629728280.8656828,1007.0,990.0
1629728282.07773,1007.0,990.0
1629728283.28981,1019.0,993.0
1629728284.503434,1008.0,993.0
1629728285.715214,1019.0,993.0
1629728286.927295,1018.0,992.0
1629728288.139463,1010.0,992.0
1629728289.355374,1016.0,993.0
1629728290.5679328,1015.0,993.0
1629728291.7804601,1019.0,993.0
1629728292.9915688,1005.0,990.0
1629728294.205749,1009.0,1003.0
1629728295.4174562,1008.0,995.0
1629728296.629964,1010.0,993.0
1629728297.843112,1006.0,993.0
1629728299.0558,1009.0,1008.0
1629728300.270404,1009.0,1000.0
1629728301.4809642,1005.0,990.0
1629728302.693135,1019.0,993.0
1629728303.907752,1019.0,993.0
1629728305.120041,1019.0,993.0
1629728306.3328729,1008.0,993.0
1629728307.545655,1019.0,993.0
1629728308.758255,1008.0,999.0
1629728309.97039,1018.0,992.0
1629728311.182278,1019.0,993.0
1629728312.39642,1010.0,992.0
1629728313.607878,1006.0,993.0
1629728314.820139,1016.0,992.0
1629728316.033139,1019.0,993.0
1629728317.2451782,1016.0,992.0
1629728318.460601,1009.0,1002.0
1629728319.669941,1005.0,991.0
1629728320.886315,1009.0,1003.0
1629728322.0991292,1007.0,990.0
1629728323.3108978,1009.0,1003.0
1629728324.522752,1019.0,993.0
1629728325.736066,1005.0,990.0
1629728326.948703,1009.0,1003.0
1629728328.1605859,1006.0,993.0
1629728329.373904,1005.0,990.0
1629728330.586308,1007.0,990.0
1629728331.7995782,1006.0,993.0
1629728333.0131042,1009.0,1008.0
1629728334.2270231,1009.0,1003.0
1629728335.439005,1019.0,993.0
1629728336.651822,1008.0,995.0
1629728337.863596,1006.0,993.0
1629728339.07571,1017.0,993.0
1629728340.289411,1009.0,1003.0
1629728341.501514,1016.0,993.0
1629728342.7139351,1009.0,1008.0
1629728343.925927,1007.0,991.0
1629728345.1394591,1019.0,993.0
1629728346.3519459,1007.0,990.0
1629728347.5664089,1006.0,993.0
1629728348.778522,1010.0,993.0
1629728349.990902,1019.0,993.0
1629728351.202893,1007.0,991.0
1629728352.416994,1009.0,1000.0
1629728353.629167,1007.0,994.0
1629728354.8410602,1006.0,993.0
1629728356.054684,1019.0,993.0
1629728357.2666419,1010.0,993.0
1629728358.478806,1007.0,994.0
1629728359.69066,1008.0,992.0
1629728360.904245,1019.0,993.0
1629728362.119064,1009.0,1008.0
1629728363.331265,1009.0,1003.0
1629728364.5440152,1009.0,1003.0
1629728365.757235,1010.0,992.0
1629728366.969355,1007.0,990.0
1629728368.181377,1019.0,993.0
1629728369.39553,1007.0,990.0
1629728370.6073248,1009.0,1003.0
1629728371.819065,1010.0,992.0
1629728373.032346,1005.0,991.0
1629728374.244568,1019.0,993.0
1629728375.459282,1010.0,1002.0
1629728376.671585,1007.0,994.0
1629728377.8850749,1018.0,992.0
1629728379.098976,1009.0,1008.0
1629728380.309991,1008.0,993.0
1629728381.521896,1019.0,993.0
1629728382.735195,1007.0,994.0
1629728383.9471161,1007.0,990.0
1629728385.15971,1007.0,990.0
1629728386.3731341,1010.0,1001.0
1629728387.584834,1019.0,993.0
1629728388.798594,1006.0,993.0
1629728390.0092218,1018.0,993.0
1629728391.225406,1009.0,1003.0
1629728392.4382389,1010.0,1003.0
1629728393.65009,1007.0,990.0
1629728394.8625312,1006.0,993.0
1629728396.074465,1019.0,993.0
1629728397.287703,1019.0,993.0
1629728398.500044,1010.0,993.0
1629728399.712248,1010.0,992.0
1629728400.9254332,1008.0,993.0
1629728402.137341,1010.0,993.0
1629728403.349495,1005.0,990.0
1629728404.562985,1005.0,990.0
1629728405.775009,1017.0,993.0
1629728406.990022,1009.0,1003.0
1629728408.202595,1009.0,1003.0
1629728409.414756,1010.0,1002.0
1629728410.628001,1008.0,995.0
1629728411.840111,1019.0,993.0
1629728413.0525,1010.0,992.0
1629728414.265642,1005.0,990.0
1629728415.477676,1010.0,992.0
1629728416.689802,1016.0,992.0
1629728417.902965,1008.0,993.0
1629728419.1152341,1007.0,990.0
1629728420.330085,1009.0,1003.0
1629728421.542264,1010.0,992.0
1629728422.755845,1019.0,993.0
1629728423.968622,1009.0,1003.0
1629728425.180734,1007.0,990.0
1629728426.392517,1006.0,993.0
1629728427.606238,1009.0,1002.0
1629728428.8181949,1005.0,990.0
1629728430.0305831,1005.0,990.0
1629728431.243318,1008.0,995.0
1629728432.455731,1019.0,993.0
1629728433.667604,1018.0,992.0
1629728434.883657,1009.0,1003.0
1629728436.096867,1007.0,990.0
1629728437.308485,1008.0,993.0
1629728438.520632,1008.0,995.0
1629728439.734058,1009.0,1003.0
1629728440.945442,1005.0,990.0
1629728442.159055,1019.0,993.0
1629728443.3716228,1009.0,1003.0
1629728444.583147,1005.0,990.0
1629728445.7974029,1008.0,993.0
1629728447.00876,1017.0,993.0
1629728448.220775,1005.0,990.0
1629728449.4333582,1019.0,993.0
1629728450.645948,1005.0,990.0
1629728451.860747,1005.0,991.0
1629728453.0729332,1019.0,993.0
1629728454.286398,1019.0,993.0
1629728455.49858,1007.0,990.0
1629728456.7120829,1010.0,1001.0
1629728457.923559,1019.0,993.0
1629728459.135662,1016.0,992.0
1629728460.349704,1009.0,1008.0
1629728461.5612311,1007.0,990.0
1629728462.773547,1019.0,993.0
1629728463.985449,1019.0,993.0
1629728465.200015,1019.0,993.0
1629728466.410777,1010.0,992.0
1629728467.62547,1005.0,990.0
1629728468.839353,1007.0,990.0
1629728470.051308,1005.0,990.0
1629728471.2640839,1009.0,1008.0
1629728472.4760551,1007.0,994.0
1629728473.688073,1018.0,992.0
1629728474.9021068,1009.0,1003.0
1629728476.113693,1010.0,992.0
1629728477.326507,1009.0,1003.0
1629728478.5394292,1019.0,993.0
1629728479.7515562,1008.0,995.0
1629728480.96613,1010.0,1003.0
1629728482.179008,1010.0,1002.0
1629728483.391391,1010.0,993.0
1629728484.604647,1019.0,993.0
1629728485.816555,1005.0,990.0
1629728487.029164,1009.0,1008.0
1629728488.242517,1005.0,990.0
1629728489.458622,1009.0,1003.0
1629728490.669239,1006.0,993.0
1629728491.87889,1007.0,994.0
1629728493.091892,1015.0,994.0
1629728494.306709,1019.0,993.0
1629728495.519674,1009.0,1003.0
1629728496.731287,1005.0,990.0
1629728497.944978,1019.0,993.0
1629728499.157038,1005.0,990.0
1629728500.369496,1010.0,1002.0
1629728501.583126,1010.0,1003.0
1629728502.79565,1005.0,990.0
1629728504.006999,1005.0,990.0
1629728505.220412,1007.0,990.0
1629728506.434905,1009.0,1000.0
1629728507.647247,1016.0,992.0
1629728508.859468,1019.0,993.0
1629728510.0717509,1019.0,993.0
1629728511.284655,1018.0,993.0
1629728512.499327,1010.0,1002.0
1629728513.7099829,1005.0,990.0
1629728514.9222558,1019.0,993.0
1629728516.1354618,1006.0,993.0
1629728517.34742,1018.0,992.0
1629728518.559534,1010.0,992.0
1629728519.772968,1006.0,993.0
1629728520.984947,1010.0,992.0
1629728522.198095,1019.0,993.0
1629728523.413014,1009.0,1002.0
1629728524.625215,1007.0,990.0
1629728525.837612,1007.0,994.0
1629728527.049815,1019.0,993.0
1629728528.262429,1008.0,995.0
1629728529.474435,1007.0,990.0
1629728530.6877692,1015.0,994.0
1629728531.899885,1019.0,993.0
1629728533.11243,1008.0,990.0
1629728534.325653,1015.0,994.0
1629728535.53757,1010.0,999.0
1629728536.752933,1009.0,1003.0
1629728537.965107,1006.0,993.0
1629728539.1748312,1019.0,993.0
1629728540.390835,1019.0,993.0
1629728541.6029592,1018.0,993.0
1629728542.814346,1010.0,993.0
1629728544.027902,1010.0,992.0
1629728545.241996,1007.0,990.0
1629728546.45331,1019.0,993.0
1629728547.6656299,1010.0,1003.0
1629728548.877972,1009.0,1003.0
1629728550.08974,1010.0,993.0
1629728551.303018,1010.0,992.0
1629728552.518002,1010.0,1001.0
1629728553.727448,1007.0,990.0
1629728554.9434612,1007.0,990.0
1629728556.1556532,1019.0,993.0
1629728557.367977,1008.0,993.0
1629728558.580409,1006.0,993.0
1629728559.79305,1005.0,990.0
1629728561.005143,1019.0,993.0
1629728562.2183769,1005.0,990.0
1629728563.430444,1008.0,993.0
1629728564.642922,1005.0,990.0
1629728565.856291,1010.0,1003.0
1629728567.0678961,1019.0,993.0
1629728568.282976,1010.0,1002.0
1629728569.492666,1019.0,993.0
1629728570.7085629,1005.0,990.0
1629728571.9208179,1010.0,993.0
1629728573.1336331,1009.0,1000.0
1629728574.345464,1005.0,990.0
1629728575.558901,1018.0,993.0
1629728576.771324,1005.0,990.0
1629728577.983288,1009.0,1003.0
1629728579.197956,1010.0,1003.0
1629728580.40911,1005.0,990.0
1629728581.620988,1019.0,993.0
1629728582.832981,1007.0,990.0
1629728584.046058,1017.0,993.0
1629728585.2609842,1008.0,993.0
1629728586.473036,1008.0,995.0
1629728587.6854458,1006.0,993.0
1629728588.8991191,1019.0,993.0
1629728590.11085,1007.0,990.0
1629728591.323971,1005.0,990.0
1629728592.5360599,1006.0,993.0
1629728593.747958,1005.0,990.0
1629728594.961647,1006.0,993.0
1629728596.174037,1009.0,1002.0
1629728597.3856452,1005.0,990.0
1629728598.599272,1010.0,993.0
1629728599.814147,1009.0,1003.0
1629728601.026248,1006.0,993.0
1629728602.238745,1019.0,993.0
1629728603.45088,1005.0,990.0
1629728604.663738,1009.0,1002.0
1629728605.876971,1007.0,990.0
1629728607.088959,1005.0,990.0
1629728608.3011851,1007.0,990.0
1629728609.513296,1007.0,990.0
1629728610.726911,1009.0,1008.0
1629728611.938913,1010.0,993.0
1629728613.1510541,1007.0,990.0
1629728614.3668969,1009.0,1003.0
1629728615.579175,1008.0,993.0
1629728616.792073,1009.0,1000.0
1629728618.004135,1010.0,992.0
1629728619.216201,1019.0,993.0
1629728620.429576,1018.0,993.0
1629728621.641744,1006.0,993.0
1629728622.853485,1008.0,995.0
1629728624.0671759,1010.0,993.0
1629728625.279676,1009.0,1000.0
1629728626.4943419,1010.0,1001.0
1629728627.7037928,1015.0,994.0
1629728628.917113,1006.0,993.0
1629728630.1317801,1009.0,994.0
1629728631.344081,1019.0,993.0
1629728632.556244,1018.0,992.0
1629728633.769269,1009.0,1002.0
1629728634.982614,1005.0,990.0
1629728636.195213,1008.0,995.0
1629728637.4073431,1009.0,1002.0
1629728638.619021,1005.0,991.0
1629728639.832535,1007.0,994.0
1629728641.044634,1007.0,990.0
1629728642.256761,1006.0,995.0
1629728643.469036,1019.0,993.0
1629728644.6827369,1008.0,995.0
1629728645.89796,1006.0,993.0
1629728647.109347,1008.0,995.0
1629728648.322457,1009.0,1003.0
1629728649.53499,1019.0,993.0
1629728650.747754,1019.0,993.0
1629728651.960292,1009.0,1008.0
1629728653.172309,1006.0,993.0
1629728654.3843331,1019.0,993.0
1629728655.619613,1009.0,1003.0
1629728656.8125598,1009.0,1003.0
1629728658.024703,1016.0,992.0
1629728659.237056,1010.0,993.0
1629728660.449256,1005.0,991.0
1629728661.662743,1010.0,999.0
1629728662.876052,1009.0,994.0
1629728664.0876002,1010.0,992.0
1629728665.299675,1005.0,990.0
1629728666.512793,1016.0,992.0
1629728667.724797,1005.0,990.0
1629728668.937182,1018.0,992.0
1629728670.1509151,1009.0,1008.0
1629728671.362848,1018.0,992.0
1629728672.574784,1007.0,990.0
1629728673.788013,1019.0,993.0
1629728675.000433,1008.0,995.0
1629728676.214784,1016.0,992.0
1629728677.4270642,1008.0,995.0
1629728678.639443,1019.0,993.0
1629728679.85286,1019.0,993.0
1629728681.065523,1007.0,990.0
1629728682.277997,1009.0,1008.0
1629728683.4900742,1009.0,1002.0
1629728684.703296,1005.0,990.0
1629728685.9151978,1005.0,990.0
1629728687.127357,1005.0,990.0
1629728688.3436952,1009.0,1003.0
1629728689.555883,1009.0,1003.0
1629728690.768824,1009.0,1008.0
1629728691.9810822,1019.0,993.0
1629728693.192947,1010.0,992.0
1629728694.405389,1019.0,993.0
1629728695.6185868,1007.0,990.0
1629728696.831299,1009.0,1000.0
1629728698.0477371,1009.0,1008.0
1629728699.259391,1010.0,1003.0
1629728700.469051,1019.0,993.0
1629728701.684011,1010.0,1001.0
1629728702.897248,1009.0,1003.0
1629728704.108192,1010.0,993.0
1629728705.3216698,1006.0,993.0
1629728706.5336351,1018.0,993.0
1629728707.7458172,1008.0,993.0
1629728708.959265,1010.0,992.0
1629728710.1712499,1010.0,993.0
1629728711.383243,1005.0,990.0
1629728712.597934,1019.0,993.0
1629728713.811239,1019.0,993.0
1629728715.0235362,1009.0,1003.0
1629728716.2358458,1010.0,992.0
1629728717.4490528,1009.0,1003.0
1629728718.662216,1010.0,993.0
1629728719.8741581,1005.0,990.0
1629728721.0865831,1010.0,1002.0
1629728722.301991,1009.0,994.0
1629728723.511892,1005.0,990.0
1629728724.7275782,1008.0,995.0
1629728725.936439,1009.0,1003.0
1629728727.152245,1009.0,1003.0
1629728728.365151,1009.0,1008.0
1629728729.576736,1007.0,990.0
1629728730.7898471,1009.0,1003.0
1629728732.0032692,1006.0,993.0
1629728733.2140648,1019.0,993.0
1629728734.427553,1019.0,993.0
1629728735.6399329,1019.0,993.0
1629728736.852275,1009.0,1002.0
1629728738.064224,1005.0,990.0
1629728739.2776709,1019.0,993.0
1629728740.4897568,1005.0,990.0
1629728741.704432,1009.0,1003.0
1629728742.917435,1009.0,1003.0
1629728744.129573,1006.0,993.0
1629728745.342779,1019.0,993.0
1629728746.554761,1019.0,993.0
1629728747.7668211,1005.0,991.0
1629728748.980457,1007.0,990.0
1629728750.192492,1005.0,990.0
1629728751.404368,1007.0,994.0
1629728752.617963,1009.0,1002.0
1629728753.83027,1006.0,993.0
1629728755.0448089,1008.0,1003.0
1629728756.257005,1005.0,990.0
1629728757.470674,1017.0,993.0
1629728758.682703,1005.0,990.0
1629728759.8963242,1010.0,992.0
1629728761.1075048,1019.0,993.0
1629728762.320019,1009.0,1003.0
1629728763.533267,1005.0,990.0
1629728764.745164,1016.0,992.0
1629728765.957215,1007.0,990.0
1629728767.170479,1006.0,993.0
1629728768.382925,1006.0,993.0
1629728769.598782,1010.0,1002.0
1629728770.807001,1016.0,992.0
1629728772.0236201,1007.0,990.0
1629728773.23521,1005.0,990.0
1629728774.447746,1007.0,994.0
1629728775.659843,1008.0,993.0
1629728776.872458,1006.0,993.0
1629728778.0856352,1009.0,994.0
1629728779.298696,1017.0,993.0
1629728780.509742,1019.0,993.0
1629728781.7232,1007.0,990.0
1629728782.935573,1009.0,1003.0
1629728784.147323,1008.0,995.0
1629728785.360139,1005.0,990.0
1629728786.5732749,1010.0,992.0
1629728787.7879329,1009.0,1003.0
1629728789.000911,1009.0,1003.0
1629728790.2130308,1009.0,1003.0
1629728791.4265778,1009.0,1008.0
1629728792.6387541,1005.0,990.0
1629728793.8510349,1009.0,1002.0
1629728795.063921,1007.0,990.0
1629728796.2761862,1005.0,990.0
1629728797.4885309,1018.0,993.0
1629728798.703077,1009.0,1000.0
1629728799.915414,1008.0,995.0
1629728801.1291652,1016.0,992.0
1629728802.3415139,1019.0,993.0
1629728803.5539992,1010.0,992.0
1629728804.766034,1019.0,993.0
1629728805.9785442,1009.0,1003.0
1629728807.192333,1009.0,1003.0
1629728808.403662,1005.0,990.0
1629728809.616048,1006.0,993.0
1629728810.829463,1019.0,993.0
1629728812.04169,1008.0,995.0
1629728813.253321,1008.0,995.0
1629728814.4699562,1010.0,1003.0
1629728815.681646,1007.0,994.0
1629728816.8938391,1019.0,993.0
1629728818.106399,1019.0,993.0
1629728819.318559,1005.0,990.0
1629728820.532206,1009.0,1000.0
1629728821.744055,1019.0,993.0
1629728822.956056,1007.0,990.0
1629728824.169722,1009.0,1003.0
1629728825.3843908,1009.0,1000.0
1629728826.593848,1019.0,993.0
1629728827.8087091,1010.0,992.0
1629728829.0222201,1019.0,993.0
1629728830.234445,1006.0,995.0
1629728831.446698,1007.0,990.0
1629728832.65987,1010.0,1003.0
1629728833.8719978,1009.0,1000.0
1629728835.08522,1005.0,990.0
1629728836.299371,1009.0,1003.0
1629728837.5124412,1010.0,1003.0
1629728838.7225568,1005.0,990.0
1629728839.936683,1019.0,993.0
1629728841.149406,1007.0,990.0
1629728842.3614988,1008.0,995.0
1629728843.574975,1007.0,994.0
1629728844.787744,1008.0,995.0
1629728846.000413,1009.0,1000.0
1629728847.211812,1008.0,995.0
1629728848.425677,1010.0,1000.0
1629728849.6374772,1006.0,993.0
1629728850.849483,1008.0,993.0
1629728852.066269,1009.0,1000.0
1629728853.277919,1010.0,1001.0
1629728854.490282,1007.0,990.0
1629728855.702516,1018.0,993.0
1629728856.9146922,1007.0,994.0
1629728858.1273448,1016.0,992.0
1629728859.340617,1007.0,991.0
1629728860.552706,1006.0,993.0
1629728861.764513,1015.0,992.0
1629728862.978552,1009.0,1003.0
1629728864.1903338,1019.0,993.0
1629728865.402409,1015.0,994.0
1629728866.615824,1005.0,990.0
1629728867.830806,1009.0,1002.0
1629728869.0426948,1005.0,990.0
1629728870.2550132,1015.0,994.0
1629728871.467804,1009.0,1003.0
1629728872.6815119,1010.0,1002.0
1629728873.893408,1009.0,1003.0
1629728875.105473,1005.0,990.0
1629728876.318893,1005.0,990.0
1629728877.5311518,1007.0,994.0
1629728878.7433841,1008.0,995.0
1629728879.955352,1010.0,992.0
1629728881.168884,1007.0,994.0
1629728882.380754,1019.0,993.0
1629728883.5967412,1010.0,1001.0
1629728884.8077161,1007.0,994.0
1629728886.020523,1019.0,993.0
1629728887.234137,1010.0,1001.0
1629728888.4460852,1007.0,990.0
1629728889.658093,1006.0,993.0
1629728890.872143,1009.0,1000.0
1629728892.083381,1018.0,992.0
1629728893.2987661,1009.0,1002.0
1629728894.507924,1019.0,993.0
1629728895.7247858,1009.0,1003.0
1629728896.9362218,1006.0,993.0
1629728898.148554,1006.0,993.0
1629728899.361312,1010.0,992.0
1629728900.57328,1008.0,993.0
1629728901.786549,1019.0,993.0
1629728903.001554,1005.0,990.0
1629728904.211849,1009.0,1003.0
1629728905.4241111,1010.0,992.0
1629728906.63611,1019.0,993.0
1629728907.851264,1009.0,1003.0
1629728909.060937,1010.0,992.0
1629728910.277341,1010.0,1002.0
1629728911.4891572,1007.0,990.0
1629728912.7017899,1009.0,994.0
1629728913.913941,1010.0,992.0
1629728915.12725,1008.0,993.0
1629728916.339273,1010.0,999.0
1629728917.551436,1007.0,990.0
1629728918.765239,1009.0,1003.0
1629728919.977185,1010.0,1002.0
1629728921.1897962,1019.0,993.0
1629728922.404029,1009.0,1008.0
1629728923.616423,1006.0,993.0
1629728924.830608,1010.0,1003.0
1629728926.042681,1007.0,990.0
1629728927.254793,1019.0,993.0
1629728928.467034,1009.0,1008.0
1629728929.68044,1018.0,993.0
1629728930.8924391,1008.0,995.0
1629728932.104374,1018.0,993.0
1629728933.317955,1008.0,1003.0
1629728934.5302541,1016.0,992.0
1629728935.7448802,1009.0,1008.0
1629728936.9593952,1019.0,993.0
1629728938.1694999,1005.0,990.0
1629728939.3823261,1009.0,1003.0
1629728940.596917,1009.0,1008.0
1629728941.8086689,1005.0,990.0
1629728943.019967,1019.0,993.0
1629728944.2334878,1009.0,1002.0
1629728945.445546,1007.0,994.0
1629728946.657544,1018.0,992.0
1629728947.870911,1006.0,993.0
1629728949.0827148,1009.0,994.0
1629728950.29871,1010.0,992.0
1629728951.509946,1018.0,992.0
1629728952.7226722,1009.0,1003.0
1629728953.935916,1005.0,992.0
1629728955.148381,1009.0,1003.0
1629728956.360322,1005.0,990.0
1629728957.5736141,1006.0,993.0
1629728958.785829,1010.0,1003.0
1629728960.002839,1005.0,990.0
1629728961.2111921,1019.0,993.0
1629728962.4233549,1017.0,993.0
1629728963.635134,1016.0,993.0
1629728964.8513129,1007.0,990.0
1629728966.0641868,1005.0,990.0
1629728967.276163,1009.0,1002.0
1629728968.488734,1009.0,1003.0
1629728969.700371,1016.0,992.0
1629728970.913926,1018.0,993.0
1629728972.126239,1009.0,1003.0
1629728973.337954,1005.0,990.0
1629728974.554256,1009.0,1003.0
1629728975.766853,1009.0,1003.0
1629728976.979181,1007.0,990.0
1629728978.191744,1016.0,992.0
1629728979.4034839,1009.0,1000.0
1629728980.617365,1009.0,1003.0
1629728981.82947,1019.0,993.0
1629728983.041497,1018.0,992.0
1629728984.253479,1015.0,994.0
1629728985.4668758,1009.0,1003.0
1629728986.6795678,1009.0,994.0
1629728987.891017,1019.0,993.0
1629728989.104547,1018.0,992.0
1629728990.319923,1009.0,1008.0
1629728991.5322108,1009.0,1003.0
1629728992.744046,1010.0,992.0
1629728993.957789,1007.0,990.0
1629728995.1699588,1009.0,1002.0
1629728996.382297,1009.0,1003.0
1629728997.595246,1010.0,993.0
1629728998.807467,1015.0,992.0
1629729000.019507,1019.0,993.0
1629729001.231694,1005.0,990.0
1629729002.4474728,1019.0,993.0
1629729003.659748,1005.0,990.0
1629729004.872153,1010.0,999.0
1629729006.084202,1015.0,994.0
1629729007.305414,1007.0,990.0
1629729008.5091681,1008.0,995.0
1629729009.722314,1019.0,993.0
1629729010.934432,1008.0,995.0
1629729012.147022,1009.0,1003.0
1629729013.3600209,1007.0,994.0
1629729014.571987,1018.0,993.0
1629729015.786947,1010.0,1003.0
1629729016.999922,1006.0,993.0
1629729018.2126348,1009.0,1003.0
1629729019.424884,1007.0,990.0
1629729020.63772,1009.0,1008.0
1629729021.8497658,1007.0,994.0
1629729023.061988,1019.0,993.0
1629729024.275382,1009.0,1002.0
1629729025.487467,1008.0,993.0
1629729026.70014,1009.0,1003.0
1629729027.9132328,1007.0,990.0
1629729029.125103,1007.0,990.0
1629729030.337949,1019.0,993.0
1629729031.5531352,1005.0,990.0
1629729032.766037,1005.0,990.0
1629729033.977872,1006.0,993.0
1629729035.191027,1009.0,1000.0
1629729036.403265,1005.0,990.0
1629729037.615448,1016.0,992.0
1629729038.827699,1009.0,1000.0
1629729040.040361,1009.0,1003.0
1629729041.2535338,1007.0,990.0
1629729042.465614,1007.0,990.0
1629729043.677622,1008.0,995.0
1629729044.890743,1005.0,990.0
1629729046.105473,1010.0,992.0
1629729047.317902,1005.0,990.0
1629729048.5301929,1007.0,990.0
1629729049.7429628,1009.0,1002.0
1629729050.956202,1019.0,993.0
1629729052.168591,1009.0,1003.0
1629729053.380574,1005.0,990.0
1629729054.594924,1010.0,992.0
1629729055.805857,1005.0,990.0
1629729057.0180988,1005.0,991.0
1629729058.231529,1007.0,990.0
1629729059.443342,1007.0,990.0
1629729060.6559942,1005.0,990.0
1629729061.871006,1009.0,1003.0
1629729063.0837388,1005.0,991.0
1629729064.29807,1010.0,1003.0
1629729065.509012,1009.0,1003.0
1629729066.721341,1009.0,1003.0
1629729067.934518,1010.0,1000.0
1629729069.150348,1009.0,1009.0
1629729070.359087,1008.0,995.0
1629729071.573626,1019.0,993.0
1629729072.785739,1019.0,993.0
1629729073.999323,1019.0,993.0
1629729075.210696,1008.0,995.0
1629729076.424526,1019.0,993.0
1629729077.63681,1009.0,1003.0
1629729078.848608,1006.0,993.0
1629729080.061131,1005.0,990.0
1629729081.274349,1006.0,993.0
1629729082.486702,1009.0,1003.0
1629729083.702013,1009.0,1003.0
1629729084.914117,1010.0,1002.0
1629729086.1264052,1008.0,993.0
1629729087.338762,1005.0,990.0
1629729088.552803,1019.0,993.0
1629729089.764749,1018.0,992.0
1629729090.976864,1007.0,990.0
1629729092.1892438,1009.0,1003.0
1629729093.402555,1007.0,994.0
1629729094.614419,1019.0,993.0
1629729095.826366,1010.0,992.0
1629729097.053213,1019.0,993.0
1629729098.255388,1009.0,1003.0
1629729099.464694,1005.0,990.0
1629729100.679274,1019.0,993.0
1629729101.892551,1007.0,990.0
1629729103.107689,1019.0,993.0
1629729104.3171258,1005.0,991.0
1629729105.530126,1009.0,1002.0
1629729106.7422662,1009.0,1002.0
1629729107.955607,1009.0,1003.0
1629729109.167371,1006.0,993.0
1629729110.379652,1007.0,990.0
1629729111.596551,1009.0,1002.0
1629729112.808033,1007.0,994.0
1629729114.020342,1005.0,990.0
1629729115.232672,1015.0,994.0
1629729116.4446878,1005.0,991.0
1629729117.657566,1010.0,995.0
1629729118.86971,1007.0,990.0
1629729120.0828319,1016.0,993.0
1629729121.2967281,1009.0,1008.0
1629729122.507298,1005.0,990.0
1629729123.720781,1007.0,990.0
1629729124.932668,1017.0,993.0
1629729126.145491,1005.0,990.0
1629729127.3571048,1019.0,993.0
1629729128.5710452,1019.0,993.0
1629729129.782748,1010.0,992.0
1629729130.998246,1005.0,990.0
1629729132.209645,1019.0,993.0
1629729133.421886,1010.0,993.0
1629729134.636058,1009.0,1000.0
1629729135.848564,1010.0,1003.0
1629729137.062825,1019.0,993.0
1629729138.2724931,1005.0,991.0
1629729139.485727,1019.0,993.0
1629729140.698926,1019.0,993.0
1629729141.910242,1005.0,990.0
1629729143.123177,1010.0,993.0
1629729144.337943,1010.0,1001.0
1629729145.550439,1018.0,992.0
1629729146.7625668,1016.0,994.0
1629729147.974736,1007.0,990.0
1629729149.188202,1018.0,992.0
1629729150.4014568,1009.0,1003.0
1629729151.612739,1019.0,993.0
1629729152.8248708,1015.0,994.0
1629729154.038516,1010.0,992.0
1629729155.250599,1007.0,990.0
1629729156.462534,1008.0,993.0
1629729157.675689,1007.0,994.0
1629729158.887977,1010.0,992.0
1629729160.102779,1009.0,1003.0
1629729161.316257,1006.0,993.0
1629729162.528675,1019.0,993.0
1629729163.7413208,1018.0,993.0
1629729164.9536362,1010.0,1001.0
1629729166.165557,1008.0,993.0
1629729167.3774972,1016.0,992.0
1629729168.5908139,1010.0,992.0
1629729169.803095,1010.0,992.0
1629729171.016424,1018.0,993.0
1629729172.228528,1007.0,994.0
1629729173.440612,1007.0,994.0
1629729174.652905,1005.0,990.0
1629729175.867867,1010.0,1001.0
1629729177.0772638,1010.0,992.0
1629729178.295275,1009.0,1002.0
1629729179.506102,1010.0,1002.0
1629729180.718258,1018.0,992.0
1629729181.931631,1008.0,995.0
1629729183.143546,1007.0,994.0
1629729184.3560839,1010.0,992.0
1629729185.5681422,1010.0,999.0
1629729186.781454,1005.0,990.0
1629729187.9937909,1009.0,1000.0
1629729189.2056372,1019.0,993.0
1629729190.4217541,1008.0,1003.0
1629729191.633894,1008.0,993.0
1629729192.846276,1010.0,995.0
1629729194.059298,1007.0,994.0
1629729195.2730649,1009.0,990.0
1629729196.483445,1006.0,993.0
1629729197.698101,1009.0,1002.0
1629729198.9091551,1019.0,993.0
1629729200.1214368,1009.0,1003.0
1629729201.334634,1005.0,990.0
1629729202.546565,1007.0,994.0
1629729203.758836,1019.0,993.0
1629729204.971943,1005.0,990.0
1629729206.186605,1019.0,993.0
1629729207.399572,1019.0,993.0
1629729208.6111581,1008.0,993.0
1629729209.823472,1018.0,993.0
1629729211.0366342,1009.0,1003.0
1629729212.2497091,1017.0,993.0
1629729213.461629,1019.0,993.0
1629729214.674041,1018.0,992.0
1629729215.8875918,1009.0,1008.0
1629729217.0995882,1019.0,993.0
1629729218.314255,1010.0,1003.0
1629729219.526609,1009.0,1003.0
1629729220.7388759,1018.0,993.0
1629729221.952332,1005.0,990.0
1629729223.16514,1009.0,1008.0
1629729224.3776472,1009.0,1008.0
1629729225.5904799,1009.0,1002.0
1629729226.802714,1009.0,1000.0
1629729228.015509,1019.0,993.0
1629729229.2273731,1019.0,993.0
1629729230.4398909,1019.0,993.0
1629729231.656248,1010.0,1003.0
1629729232.8685591,1009.0,1003.0
1629729234.080933,1009.0,1000.0
1629729235.292466,1017.0,993.0
1629729236.50524,1009.0,1000.0
1629729237.718782,1009.0,1000.0
1629729238.930513,1008.0,995.0
1629729240.143119,1005.0,990.0
1629729241.355735,1019.0,993.0
1629729242.570503,1005.0,990.0
1629729243.7827652,1016.0,992.0
1629729244.996219,1010.0,1001.0
1629729246.208896,1010.0,992.0
1629729247.420865,1019.0,993.0
1629729248.635514,1009.0,1008.0
1629729249.846821,1016.0,992.0
1629729251.059227,1006.0,993.0
1629729252.289676,1016.0,992.0
1629729253.485443,1008.0,999.0
1629729254.6990988,1010.0,1001.0
1629729255.908221,1019.0,993.0
1629729257.122984,1015.0,993.0
1629729258.335912,1009.0,1002.0
1629729259.5494552,1005.0,990.0
1629729260.7634518,1005.0,990.0
1629729261.973344,1019.0,993.0
1629729263.1857421,1008.0,992.0
1629729264.3990898,1019.0,993.0
1629729265.611348,1008.0,1003.0
1629729266.823034,1005.0,990.0
1629729268.0365179,1018.0,992.0
1629729269.248727,1018.0,993.0
1629729270.46336,1009.0,1008.0
1629729271.6767519,1019.0,993.0
1629729272.8893309,1007.0,992.0
1629729274.101108,1010.0,1003.0
1629729275.314576,1008.0,993.0
1629729276.527116,1009.0,1000.0
1629729277.7391412,1010.0,999.0
1629729278.951265,1005.0,991.0
1629729280.16436,1008.0,995.0
1629729281.3764071,1015.0,994.0
1629729282.5887659,1005.0,990.0
1629729283.802371,1006.0,993.0
1629729285.013921,1005.0,990.0
1629729286.225986,1008.0,992.0
1629729287.441945,1019.0,993.0
1629729288.654283,1005.0,990.0
1629729289.8664262,1005.0,990.0
1629729291.079374,1009.0,1003.0
1629729292.2916942,1019.0,1003.0
1629729293.504947,1019.0,993.0
1629729294.717199,1009.0,1008.0
1629729295.929019,1018.0,992.0
1629729297.141278,1005.0,991.0
1629729298.354532,1019.0,993.0
1629729299.566586,1010.0,995.0
1629729300.778674,1019.0,993.0
1629729301.9955242,1006.0,993.0
1629729303.206809,1005.0,990.0
1629729304.419093,1010.0,995.0
1629729305.631427,1019.0,993.0
1629729306.844037,1006.0,993.0
1629729308.057343,1008.0,992.0
1629729309.269359,1019.0,993.0
1629729310.481919,1010.0,1001.0
1629729311.6959841,1019.0,993.0
1629729312.9068558,1018.0,992.0
1629729314.119044,1008.0,995.0
1629729315.331346,1007.0,990.0
1629729316.547213,1009.0,1003.0
1629729317.7567391,1018.0,992.0
1629729318.971565,1005.0,991.0
1629729320.18382,1006.0,993.0
1629729321.3970401,1005.0,990.0
1629729322.610176,1009.0,1000.0
1629729323.822256,1017.0,993.0
1629729325.034128,1008.0,995.0
1629729326.2474198,1019.0,993.0
1629729327.459959,1007.0,990.0
1629729328.672535,1009.0,1003.0
1629729329.884165,1005.0,990.0
1629729331.1003861,1010.0,1003.0
1629729332.3098931,1008.0,995.0
1629729333.524437,1007.0,990.0
1629729334.737569,1007.0,994.0
1629729335.949002,1005.0,990.0
1629729337.1623948,1008.0,992.0
1629729338.37509,1019.0,993.0
1629729339.587009,1005.0,990.0
1629729340.799346,1006.0,993.0
1629729342.012358,1005.0,990.0
1629729343.224746,1010.0,992.0
1629729344.436639,1015.0,992.0
1629729345.6505191,1009.0,1002.0
1629729346.862539,1007.0,990.0
1629729348.074327,1005.0,990.0
1629729349.290306,1009.0,1008.0
1629729350.502652,1005.0,990.0
1629729351.714695,1005.0,990.0
1629729352.9269938,1005.0,991.0
1629729354.1403148,1009.0,1008.0
1629729355.3519301,1005.0,990.0
1629729356.565054,1015.0,992.0
1629729357.777417,1008.0,995.0
1629729358.989584,1019.0,993.0
1629729360.202841,1016.0,992.0
1629729361.414691,1005.0,990.0
1629729362.62699,1007.0,994.0
1629729363.840468,1019.0,993.0
1629729365.052479,1017.0,993.0
1629729366.2643452,1019.0,993.0
1629729367.480454,1018.0,992.0
1629729368.6922472,1010.0,1001.0
1629729369.904219,1006.0,993.0
1629729371.118232,1019.0,993.0
1629729372.330664,1009.0,1008.0
1629729373.5430741,1009.0,1003.0
1629729374.754637,1016.0,992.0
1629729375.970492,1005.0,990.0
1629729377.180224,1010.0,992.0
1629729378.393226,1006.0,993.0
1629729379.605556,1010.0,992.0
1629729380.82051,1008.0,1001.0
1629729382.0328882,1018.0,992.0
1629729383.2449841,1015.0,994.0
1629729384.457942,1010.0,992.0
1629729385.670005,1010.0,992.0
1629729386.883143,1007.0,990.0
1629729388.096589,1009.0,1008.0
1629729389.307519,1008.0,993.0
1629729390.5213718,1009.0,1000.0
1629729391.733581,1005.0,990.0
1629729392.94801,1009.0,1003.0
1629729394.160785,1010.0,1003.0
1629729395.373564,1010.0,992.0
1629729396.585839,1008.0,993.0
1629729397.798959,1018.0,992.0
1629729399.010719,1006.0,993.0
1629729400.223021,1009.0,1003.0
1629729401.436312,1007.0,994.0
1629729402.648434,1019.0,992.0
1629729403.8611488,1010.0,1003.0
1629729405.073875,1005.0,990.0
1629729406.285874,1008.0,993.0
1629729407.4990232,1006.0,993.0
1629729408.714468,1010.0,1001.0
1629729409.9260979,1005.0,990.0
1629729411.1384819,1019.0,992.0
1629729412.351886,1009.0,1003.0
1629729413.563236,1005.0,990.0
1629729414.776522,1019.0,993.0
1629729415.989008,1019.0,993.0
1629729417.201291,1010.0,993.0
1629729418.4130812,1005.0,991.0
1629729419.626378,1010.0,992.0
1629729420.849028,1009.0,1000.0
1629729422.051093,1019.0,993.0
1629729423.265791,1007.0,990.0
1629729424.479997,1009.0,1008.0
1629729425.6916869,1006.0,993.0
1629729426.9049149,1019.0,993.0
1629729428.116849,1009.0,1008.0
1629729429.3286479,1008.0,995.0
1629729430.54225,1007.0,990.0
1629729431.754242,1008.0,992.0
1629729432.96659,1009.0,1000.0
1629729434.179778,1005.0,991.0
1629729435.39188,1016.0,993.0
1629729436.60366,1005.0,990.0
1629729437.82037,1010.0,1002.0
1629729439.0320508,1008.0,995.0
1629729440.244172,1007.0,990.0
1629729441.457376,1009.0,1002.0
1629729442.669434,1009.0,1003.0
1629729443.882727,1019.0,992.0
1629729445.094733,1006.0,993.0
1629729446.306701,1018.0,992.0
1629729447.519559,1006.0,993.0
1629729448.7325199,1007.0,990.0
1629729449.944321,1019.0,993.0
1629729451.156182,1019.0,993.0
1629729452.3722408,1007.0,990.0
1629729453.584513,1015.0,993.0
1629729454.797268,1009.0,1008.0
1629729456.009419,1006.0,995.0
1629729457.222592,1005.0,990.0
1629729458.434579,1007.0,990.0
1629729459.6465762,1005.0,990.0
1629729460.860297,1019.0,993.0
1629729462.0723479,1005.0,990.0
1629729463.2841861,1007.0,994.0
1629729464.4962702,1018.0,992.0
1629729465.709849,1010.0,992.0
1629729466.922677,1005.0,990.0
1629729468.1339788,1005.0,990.0
1629729469.347274,1023.0,993.0
1629729470.562051,1008.0,995.0
1629729471.774285,1005.0,991.0
1629729472.9867048,1008.0,995.0
1629729474.199125,1019.0,993.0
1629729475.4118211,1010.0,992.0
1629729476.625052,1007.0,990.0
1629729477.8369951,1018.0,992.0
1629729479.0491111,1019.0,993.0
1629729480.2627242,1009.0,1000.0
1629729481.47472,1005.0,990.0
1629729482.686721,1016.0,992.0
1629729483.8991401,1007.0,994.0
1629729485.11268,1008.0,995.0
1629729486.327012,1009.0,1002.0
1629729487.53986,1009.0,1003.0
1629729488.75154,1005.0,990.0
1629729489.965515,1007.0,994.0
1629729491.177546,1019.0,993.0
1629729492.389601,1019.0,993.0
1629729493.6018062,1008.0,994.0
1629729494.815135,1008.0,995.0
1629729496.0274172,1018.0,992.0
1629729497.239275,1018.0,992.0
1629729498.4524941,1008.0,995.0
1629729499.6674392,1009.0,1003.0
1629729500.8769448,1007.0,990.0
1629729502.08918,1019.0,993.0
1629729503.305053,1019.0,992.0
1629729504.517223,1008.0,995.0
1629729505.729721,1010.0,992.0
1629729506.941746,1010.0,992.0
1629729508.1549609,1009.0,1000.0
1629729509.366706,1016.0,992.0
1629729510.579969,1010.0,995.0
1629729511.792526,1006.0,993.0
1629729513.00447,1018.0,992.0
1629729514.217737,1006.0,993.0
1629729515.4298081,1016.0,992.0
1629729516.642198,1006.0,994.0
1629729517.85804,1009.0,1003.0
1629729519.070488,1007.0,990.0
1629729520.283524,1009.0,1002.0
1629729521.495181,1019.0,993.0
1629729522.707932,1016.0,992.0
1629729523.920498,1009.0,1000.0
1629729525.13246,1009.0,1000.0
1629729526.3456268,1018.0,993.0
1629729527.5576088,1007.0,990.0
1629729528.769763,1006.0,993.0
1629729529.9859798,1009.0,1003.0
1629729531.1954272,1005.0,990.0
1629729532.410825,1009.0,1008.0
1629729533.6223931,1008.0,995.0
1629729534.8346822,1005.0,990.0
1629729536.048864,1008.0,995.0
1629729537.260582,1005.0,990.0
1629729538.4730308,1007.0,990.0
1629729539.686162,1009.0,1000.0
1629729540.898218,1005.0,990.0
1629729542.110198,1005.0,990.0
1629729543.3236952,1005.0,990.0
1629729544.535756,1019.0,993.0
1629729545.7477288,1010.0,992.0
1629729546.961073,1008.0,995.0
1629729548.175783,1008.0,995.0
1629729549.387943,1018.0,992.0
1629729550.6009972,1009.0,1003.0
1629729551.812995,1006.0,993.0
1629729553.026432,1019.0,993.0
1629729554.2384121,1005.0,990.0
1629729555.4508858,1009.0,1002.0
1629729556.6632042,1009.0,1000.0
1629729557.879222,1009.0,1003.0
1629729559.088843,1018.0,992.0
1629729560.3007302,1005.0,990.0
1629729561.516942,1015.0,992.0
1629729562.728943,1019.0,993.0
1629729563.941639,1010.0,1001.0
1629729565.1536121,1005.0,991.0
1629729566.365696,1019.0,993.0
1629729567.5790532,1019.0,993.0
1629729568.791053,1019.0,993.0
1629729570.003621,1005.0,990.0
1629729571.215929,1019.0,1003.0
1629729572.429247,1019.0,993.0
1629729573.6413429,1005.0,990.0
1629729574.856763,1009.0,1008.0
1629729576.0682602,1019.0,993.0
1629729577.2818618,1019.0,993.0
1629729578.4942,1007.0,990.0
1629729579.706389,1019.0,993.0
1629729580.919358,1019.0,993.0
1629729582.131417,1010.0,992.0
1629729583.34369,1009.0,1003.0
1629729584.557195,1009.0,1003.0
1629729585.768995,1006.0,993.0
1629729586.981296,1019.0,993.0
1629729588.197175,1009.0,1000.0
1629729589.409651,1009.0,1003.0
1629729590.6222851,1009.0,1003.0
1629729591.834666,1007.0,990.0
1629729593.046607,1019.0,993.0
1629729594.260352,1009.0,1003.0
1629729595.4724438,1007.0,990.0
1629729596.688115,1005.0,990.0
1629729597.8979661,1009.0,1000.0
1629729599.109973,1006.0,993.0
1629729600.3223062,1005.0,991.0
1629729601.533879,1019.0,993.0
1629729602.749969,1010.0,992.0
1629729603.964117,1016.0,992.0
1629729605.175168,1009.0,1003.0
1629729606.3871,1009.0,994.0
1629729607.600851,1009.0,1008.0
1629729608.812289,1007.0,990.0
1629729610.02474,1015.0,992.0
1629729611.23791,1019.0,993.0
1629729612.4503748,1009.0,1002.0
1629729613.6623008,1005.0,990.0
1629729614.8743129,1007.0,990.0
1629729616.0876648,1005.0,990.0
1629729617.303036,1009.0,1002.0
1629729618.514622,1005.0,990.0
1629729619.727008,1007.0,991.0
1629729620.941182,1009.0,1002.0
1629729622.1528451,1005.0,990.0
1629729623.3650508,1007.0,994.0
1629729624.5789042,1009.0,1002.0
1629729625.790503,1005.0,990.0
1629729627.002869,1007.0,990.0
1629729628.2147388,1007.0,990.0
1629729629.428731,1019.0,993.0
1629729630.640258,1006.0,993.0
1629729631.854673,1008.0,992.0
1629729633.0688388,1009.0,1003.0
1629729634.281138,1009.0,1003.0
1629729635.4933472,1009.0,1003.0
1629729636.705778,1009.0,1003.0
1629729637.918746,1006.0,990.0
1629729639.1308491,1005.0,990.0
1629729640.343179,1006.0,995.0
1629729641.5591822,1009.0,1003.0
1629729642.771296,1019.0,993.0
1629729643.9835489,1019.0,993.0
1629729645.196196,1009.0,1003.0
1629729646.408401,1019.0,993.0
1629729647.62164,1005.0,990.0
1629729648.833623,1010.0,992.0
1629729650.0454779,1005.0,990.0
1629729651.259304,1006.0,993.0
1629729652.471445,1005.0,990.0
1629729653.683276,1006.0,993.0
1629729654.895217,1005.0,990.0
1629729656.1088488,1006.0,993.0
1629729657.323461,1009.0,1003.0
1629729658.533049,1019.0,993.0
1629729659.7496672,1009.0,1003.0
1629729660.9613152,1019.0,992.0
1629729662.1744199,1009.0,1000.0
1629729663.3861618,1005.0,991.0
1629729664.598677,1009.0,1003.0
1629729665.811899,1018.0,992.0
1629729667.023881,1019.0,993.0
1629729668.2361238,1007.0,990.0
1629729669.451356,1010.0,1001.0
1629729670.661958,1007.0,992.0
1629729671.876621,1007.0,994.0
1629729673.08921,1007.0,990.0
1629729674.301845,1010.0,1000.0
1629729675.513736,1016.0,992.0
1629729676.72785,1009.0,1000.0
1629729677.939733,1010.0,992.0
1629729679.1521761,1009.0,1008.0
1629729680.365788,1019.0,993.0
1629729681.577203,1016.0,992.0
1629729682.789288,1007.0,990.0
1629729684.001441,1006.0,993.0
1629729685.214494,1015.0,992.0
1629729686.429253,1006.0,993.0
1629729687.642417,1009.0,1002.0
1629729688.853666,1010.0,992.0
1629729690.067531,1007.0,990.0
1629729691.2800121,1009.0,1003.0
1629729692.491953,1010.0,992.0
1629729693.705176,1019.0,993.0
1629729694.917173,1019.0,993.0
1629729696.129657,1009.0,1008.0
1629729697.345512,1009.0,1008.0
1629729698.5577018,1016.0,992.0
1629729699.770284,1005.0,990.0
1629729700.982242,1019.0,993.0
1629729702.1945212,1007.0,994.0
1629729703.406807,1019.0,993.0
1629729704.619359,1005.0,990.0
1629729705.832555,1006.0,993.0
1629729707.044524,1019.0,993.0
1629729708.256581,1019.0,993.0
1629729709.470237,1005.0,990.0
1629729710.6825862,1006.0,993.0
1629729711.89451,1010.0,1002.0
1629729713.110605,1009.0,1002.0
1629729714.32033,1018.0,993.0
1629729715.535435,1010.0,1001.0
1629729716.7471218,1006.0,993.0
1629729717.96012,1009.0,1008.0
1629729719.173158,1019.0,993.0
1629729720.385277,1008.0,992.0
1629729721.597643,1005.0,990.0
1629729722.811102,1018.0,992.0
1629729724.023477,1010.0,1000.0
1629729725.2355928,1019.0,992.0
1629729726.45039,1009.0,1000.0
1629729727.662387,1006.0,993.0
1629729728.874772,1005.0,991.0
1629729730.0884778,1016.0,992.0
1629729731.3006442,1007.0,990.0
1629729732.512874,1019.0,993.0
1629729733.7253919,1007.0,990.0
1629729734.937831,1009.0,1002.0
1629729736.151187,1005.0,990.0
1629729737.363054,1019.0,993.0
1629729738.57506,1019.0,993.0
1629729739.788683,1009.0,1003.0
1629729741.000778,1016.0,993.0
1629729742.215509,1009.0,1000.0
1629729743.4297972,1009.0,1003.0
1629729744.641738,1019.0,993.0
1629729745.85392,1006.0,993.0
1629729747.065938,1005.0,991.0
1629729748.277945,1019.0,993.0
1629729749.4912598,1005.0,990.0
1629729750.70736,1006.0,995.0
1629729751.9155269,1007.0,994.0
1629729753.129327,1009.0,1003.0
1629729754.341235,1019.0,993.0
1629729755.55587,1009.0,1002.0
1629729756.7688189,1009.0,1000.0
1629729757.9811041,1009.0,1008.0
1629729759.1947641,1009.0,1003.0
1629729760.406763,1005.0,990.0
1629729761.619057,1018.0,992.0
1629729762.831009,1015.0,992.0
1629729764.044218,1008.0,995.0
1629729765.256715,1009.0,1008.0
1629729766.471489,1009.0,1002.0
1629729767.684821,1008.0,992.0
1629729768.897612,1009.0,1002.0
1629729770.109357,1005.0,990.0
1629729771.3223839,1006.0,993.0
1629729772.5342138,1005.0,990.0
1629729773.746401,1006.0,992.0
1629729774.959594,1005.0,990.0
1629729776.172065,1016.0,992.0
1629729777.384216,1009.0,1008.0
1629729778.597045,1018.0,992.0
1629729779.809512,1008.0,995.0
1629729781.022955,1009.0,1002.0
1629729782.2337642,1005.0,990.0
1629729783.4499898,1005.0,990.0
1629729784.661936,1010.0,992.0
1629729785.8742661,1019.0,992.0
1629729787.087021,1009.0,1003.0
1629729788.299197,1005.0,990.0
1629729789.512418,1018.0,992.0
1629729790.724957,1009.0,1003.0
1629729791.9367738,1005.0,990.0
1629729793.149985,1010.0,992.0
1629729794.362416,1005.0,990.0
1629729795.574201,1015.0,992.0
1629729796.787807,1008.0,995.0
1629729797.9999008,1008.0,995.0
1629729799.214352,1019.0,993.0
1629729800.4272268,1009.0,1002.0
1629729801.639765,1009.0,1003.0
1629729802.8529458,1005.0,990.0
1629729804.064939,1007.0,990.0
1629729805.277654,1009.0,1003.0
1629729806.4895518,1019.0,993.0
1629729807.702753,1010.0,992.0
1629729808.915044,1018.0,993.0
1629729810.1300778,1010.0,1002.0
1629729811.3401558,1010.0,992.0
1629729812.555392,1019.0,992.0
1629729813.768407,1009.0,1002.0
1629729814.980555,1008.0,992.0
1629729816.192574,1005.0,990.0
1629729817.405695,1018.0,992.0
1629729818.617818,1007.0,990.0
1629729819.830184,1008.0,992.0
1629729821.042868,1005.0,990.0
1629729822.2557068,1006.0,993.0
1629729823.467648,1005.0,994.0
1629729824.679793,1010.0,992.0
1629729825.896121,1009.0,1002.0
1629729827.105536,1019.0,993.0
1629729828.321068,1009.0,1008.0
1629729829.532671,1007.0,994.0
1629729830.744995,1018.0,992.0
1629729831.957489,1008.0,999.0
1629729833.171392,1009.0,1003.0
1629729834.382758,1007.0,992.0
1629729835.5952199,1010.0,992.0
1629729836.80851,1017.0,993.0
1629729838.020447,1007.0,990.0
1629729839.235415,1009.0,1002.0
1629729840.4449222,1006.0,992.0
1629729841.658435,1019.0,993.0
1629729842.8736598,1009.0,1003.0
1629729844.085182,1005.0,994.0
1629729845.2975512,1005.0,990.0
1629729846.511849,1015.0,992.0
1629729847.7233899,1007.0,990.0
1629729848.935776,1009.0,1008.0
1629729850.149049,1019.0,993.0
1629729851.361121,1006.0,993.0
1629729852.5729642,1007.0,990.0
1629729853.78626,1005.0,990.0
1629729854.998601,1010.0,992.0
1629729856.2132201,1009.0,1003.0
1629729857.4255629,1018.0,992.0
1629729858.637763,1019.0,993.0
1629729859.851328,1008.0,995.0
1629729861.064169,1009.0,1003.0
1629729862.276073,1006.0,993.0
1629729863.488729,1010.0,1003.0
1629729864.701979,1007.0,994.0
1629729865.91388,1008.0,992.0
1629729867.1258829,1019.0,993.0
1629729868.338491,1019.0,993.0
1629729869.551769,1005.0,990.0
1629729870.7634728,1019.0,993.0
1629729871.978225,1009.0,1003.0
1629729873.192397,1010.0,1001.0
1629729874.4038951,1016.0,992.0
1629729875.617044,1009.0,1003.0
1629729876.8286662,1008.0,995.0
1629729878.0422566,1010.0,992.0
1629729879.25563,1010.0,992.0
1629729880.4682662,1007.0,990.0
1629729881.6808891,1019.0,993.0
1629729882.8947427,1007.0,990.0
1629729884.1105843,1009.0,1003.0
1629729885.3207672,1005.0,990.0
1629729886.5360475,1016.0,992.0
1629729887.7491868,1016.0,992.0
1629729888.9618998,1019.0,993.0
1629729890.1761036,1007.0,994.0
1629729891.3894851,1016.0,992.0
1629729892.602154,1008.0,992.0
1629729893.8145869,1005.0,990.0
1629729895.0285666,1018.0,993.0
1629729896.241735,1018.0,992.0
1629729897.4542549,1019.0,993.0
1629729898.667053,1007.0,990.0
1629729899.8810575,1015.0,992.0
1629729901.0926712,1008.0,999.0
1629729902.3066168,1008.0,995.0
1629729903.5194418,1006.0,993.0
1629729904.732284,1016.0,992.0
1629729905.9458666,1010.0,992.0
1629729907.1612968,1018.0,992.0
1629729908.374195,1019.0,993.0
1629729909.5870962,1007.0,990.0
1629729910.8001223,1017.0,993.0
1629729912.0147903,1010.0,1003.0
1629729913.2270954,1019.0,993.0
1629729914.4402916,1010.0,992.0
1629729915.6532838,1010.0,1001.0
1629729916.866707,1010.0,992.0
1629729918.0797834,1008.0,994.0
1629729919.2926147,1018.0,992.0
1629729920.506177,1019.0,993.0
1629729921.7188673,1008.0,992.0
1629729922.934713,1009.0,1003.0
1629729924.1469398,1005.0,990.0
1629729925.3614085,1019.0,993.0
1629729926.5742817,1019.0,993.0
1629729927.7869546,1019.0,993.0
1629729928.9995325,1010.0,992.0
1629729930.2134922,1005.0,990.0
1629729931.4263513,1018.0,992.0
1629729932.6391306,1007.0,990.0
1629729933.8529792,1018.0,992.0
1629729935.0658615,1009.0,1008.0
1629729936.2786634,1008.0,995.0
1629729937.492643,1005.0,990.0
1629729938.7055023,1005.0,990.0
1629729939.9211886,1009.0,1003.0
1629729941.1331294,1010.0,992.0
1629729942.346643,1006.0,993.0
1629729943.5605755,1007.0,990.0
1629729944.7731154,1019.0,993.0
1629729945.9857516,1019.0,993.0
1629729947.2000964,1007.0,994.0
1629729948.4127712,1019.0,993.0
1629729949.6255014,1009.0,1000.0
1629729950.8385005,1005.0,990.0
1629729952.0522113,1010.0,992.0
1629729953.2648003,1005.0,991.0
1629729954.477314,1019.0,993.0
1629729955.693965,1018.0,993.0
1629729956.9068744,1006.0,993.0
1629729958.1197546,1006.0,993.0
1629729959.3325806,1010.0,992.0
1629729960.5460758,1015.0,992.0
1629729961.7602987,1009.0,1000.0
1629729962.9734552,1009.0,1008.0
1629729964.185509,1009.0,994.0
1629729965.3982358,1005.0,990.0
1629729966.615148,1009.0,1003.0
1629729967.827915,1009.0,1002.0
1629729969.0408914,1007.0,990.0
1629729970.2536604,1007.0,990.0
1629729971.4665227,1007.0,990.0
1629729972.6793945,1005.0,990.0
1629729973.8937976,1005.0,990.0
1629729975.1068017,1009.0,1003.0
1629729976.3191266,1006.0,993.0
1629729977.5335755,1009.0,1002.0
1629729978.7461755,1009.0,1000.0
1629729979.9592469,1008.0,995.0
1629729981.1728542,1005.0,990.0
1629729982.3879607,1008.0,1001.0
1629729983.60143,1019.0,993.0
1629729984.81394,1007.0,994.0
1629729986.0273013,1009.0,1002.0
1629729987.2405586,1009.0,1003.0
1629729988.4546592,1006.0,990.0
1629729989.6670623,1006.0,995.0
1629729990.8796442,1006.0,993.0
1629729992.0934558,1015.0,992.0
1629729993.306441,1007.0,990.0
1629729994.5216641,1009.0,1003.0
1629729995.7346995,1005.0,990.0
1629729996.9475486,1005.0,990.0
1629729998.1610112,1010.0,1001.0
1629729999.3751829,1019.0,993.0
1629730000.5876808,1019.0,992.0
1629730001.800779,1009.0,1008.0
1629730003.013283,1005.0,990.0
1629730004.2271876,1006.0,992.0
1629730005.4398918,1007.0,990.0
1629730006.653044,1007.0,990.0
1629730007.869405,1009.0,1008.0
1629730009.0797417,1006.0,993.0
1629730010.2955172,1008.0,995.0
1629730011.5086265,1009.0,1002.0
1629730012.7210944,1019.0,993.0
1629730013.9344888,1008.0,999.0
1629730015.1470218,1009.0,994.0
1629730016.3610885,1007.0,994.0
1629730017.5735013,1019.0,993.0
1629730018.7865398,1007.0,990.0
1629730020.0007775,1007.0,990.0
1629730021.2130823,1019.0,993.0
1629730022.4262016,1009.0,1008.0
1629730023.6388147,1005.0,990.0
1629730024.8552575,1008.0,1000.0
1629730026.0684018,1007.0,990.0
1629730027.281158,1006.0,992.0
1629730028.494066,1019.0,992.0
1629730029.706827,1008.0,992.0
1629730030.921391,1005.0,990.0
1629730032.1339703,1007.0,990.0
1629730033.346465,1019.0,993.0
1629730034.5592792,1007.0,990.0
1629730035.773769,1018.0,993.0
1629730036.986057,1007.0,990.0
1629730038.199082,1019.0,993.0
1629730039.4127657,1019.0,993.0
1629730040.6257958,1005.0,991.0
1629730041.838655,1007.0,992.0
1629730043.0511758,1018.0,992.0
1629730044.267675,1009.0,1008.0
1629730045.4810002,1010.0,1002.0
1629730046.6943285,1009.0,1003.0
1629730047.9065554,1010.0,992.0
1629730049.1193345,1009.0,994.0
1629730050.3336825,1009.0,1002.0
1629730051.5460622,1006.0,992.0
1629730052.7587543,1007.0,990.0
1629730053.9755554,1009.0,1008.0
1629730055.1857493,1005.0,990.0
1629730056.401771,1009.0,1008.0
1629730057.6140118,1007.0,992.0
1629730058.826743,1005.0,990.0
1629730060.041627,1010.0,992.0
1629730061.2539947,1005.0,990.0
1629730062.466849,1009.0,1003.0
1629730063.6809607,1005.0,990.0
1629730064.8936298,1009.0,1000.0
1629730066.1063578,1018.0,992.0
1629730067.3203635,1007.0,990.0
1629730068.5329626,1007.0,990.0
1629730069.7480817,1009.0,1003.0
1629730070.9612951,1019.0,993.0
1629730072.1739802,1010.0,992.0
1629730073.3870134,1005.0,994.0
1629730074.600484,1019.0,993.0
1629730075.8147886,1009.0,1003.0
1629730077.0271995,1010.0,1000.0
1629730078.2399175,1019.0,993.0
1629730079.453761,1006.0,995.0
1629730080.6667244,1007.0,990.0
1629730081.8793643,1016.0,992.0
1629730083.0939333,1016.0,992.0
1629730084.3058178,1017.0,993.0
1629730085.5212643,1018.0,992.0
1629730086.7345567,1009.0,1002.0
1629730087.9469976,1008.0,992.0
1629730089.1616807,1005.0,990.0
1629730090.3742237,1010.0,992.0
1629730091.5870748,1010.0,1002.0
1629730092.8011017,1007.0,994.0
1629730094.0136483,1019.0,993.0
1629730095.2262306,1018.0,992.0
1629730096.4393628,1009.0,1003.0
1629730097.6531873,1015.0,992.0
1629730098.8657813,1015.0,992.0
1629730100.081627,1007.0,990.0
1629730101.2957337,1016.0,992.0
1629730102.5081027,1005.0,990.0
1629730103.7210526,1005.0,990.0
1629730104.9337578,1010.0,992.0
1629730106.1472151,1010.0,992.0
1629730107.3600473,1010.0,1001.0
1629730108.5741172,1009.0,1003.0
1629730109.78669,1009.0,1003.0
1629730110.999522,1007.0,992.0
1629730112.2133296,1018.0,992.0
1629730113.4259686,1006.0,992.0
1629730114.6420214,1010.0,1001.0
1629730115.8546515,1009.0,1000.0
1629730117.068624,1018.0,993.0
1629730118.2834342,1019.0,993.0
1629730119.4939172,1005.0,990.0
1629730120.707805,1005.0,990.0
1629730121.921137,1009.0,1000.0
1629730123.133455,1018.0,992.0
1629730124.3472335,1010.0,992.0
1629730125.5635126,1010.0,1001.0
1629730126.7733812,1006.0,990.0
1629730127.9905145,1005.0,990.0
1629730129.2016666,1019.0,993.0
1629730130.4143336,1005.0,990.0
1629730131.6272228,1005.0,990.0
1629730132.842378,1009.0,1003.0
1629730134.054804,1010.0,1002.0
1629730135.267534,1006.0,993.0
1629730136.4813557,1006.0,993.0
1629730137.6940148,1007.0,990.0
1629730138.9066956,1008.0,995.0
1629730140.1201572,1019.0,993.0
1629730141.336233,1009.0,1002.0
1629730142.5492473,1018.0,992.0
1629730143.7624784,1009.0,1003.0
1629730144.9754317,1009.0,1008.0
1629730146.1883857,1009.0,1002.0
1629730147.4024284,1005.0,990.0
1629730148.6147623,1015.0,992.0
1629730149.8274934,1007.0,990.0
1629730151.0414271,1019.0,993.0
1629730152.254221,1019.0,993.0
1629730153.4697425,1009.0,1003.0
1629730154.6798494,1019.0,993.0
1629730155.8968377,1009.0,1003.0
1629730157.1092355,1005.0,991.0
1629730158.3225288,1005.0,994.0
1629730159.535176,1005.0,990.0
1629730160.7491505,1007.0,990.0
1629730161.9617946,1019.0,993.0
1629730163.1745896,1019.0,992.0
1629730164.3885632,1008.0,995.0
1629730165.6017547,1009.0,1002.0
1629730166.8139935,1010.0,992.0
1629730168.0265722,1005.0,990.0
1629730169.240508,1019.0,993.0
1629730170.4531271,1010.0,992.0
1629730171.669113,1009.0,1008.0
1629730172.8825834,1007.0,990.0
1629730174.0961487,1009.0,1002.0
1629730175.3090699,1017.0,993.0
1629730176.5221372,1008.0,1003.0
1629730177.7345538,1019.0,993.0
1629730178.9484458,1019.0,993.0
1629730180.1613066,1019.0,993.0
1629730181.374106,1015.0,992.0
1629730182.5881217,1015.0,993.0
1629730183.8006165,1019.0,993.0
1629730185.0134935,1010.0,992.0
1629730186.228951,1006.0,992.0
1629730187.441689,1008.0,992.0
1629730188.6546154,1010.0,992.0
1629730189.868935,1010.0,993.0
1629730191.0866485,1009.0,1002.0
1629730192.295353,1019.0,993.0
1629730193.5074964,1007.0,990.0
1629730194.7207446,1007.0,990.0
1629730195.9344323,1007.0,990.0
1629730197.1471465,1010.0,992.0
1629730198.3597455,1006.0,993.0
1629730199.5738602,1018.0,992.0
1629730200.786489,1005.0,994.0
1629730201.9994924,1008.0,995.0
1629730203.2130919,1010.0,992.0
1629730204.4289646,1009.0,1003.0
1629730205.6419208,1009.0,1000.0
1629730206.8543496,1019.0,993.0
1629730208.068155,1007.0,990.0
1629730209.2813566,1010.0,1003.0
1629730210.4937413,1017.0,993.0
1629730211.7084596,1009.0,1003.0
1629730212.9207413,1007.0,990.0
1629730214.1334271,1005.0,990.0
1629730215.3460565,1019.0,993.0
1629730216.5599198,1018.0,992.0
1629730217.7751763,1008.0,992.0
1629730218.9881244,1008.0,995.0
1629730220.2009556,1006.0,993.0
1629730221.4138978,1006.0,993.0
1629730222.6289458,1009.0,1003.0
1629730223.8418872,1009.0,1003.0
1629730225.0542011,1006.0,993.0
1629730226.266904,1006.0,993.0
1629730227.4807856,1006.0,993.0
1629730228.6932685,1010.0,992.0
1629730229.9062889,1006.0,993.0
1629730231.1216083,1008.0,992.0
1629730232.3328764,1019.0,993.0
1629730233.548212,1009.0,1000.0
1629730234.761135,1010.0,992.0
1629730235.973982,1019.0,993.0
1629730237.1873574,1019.0,993.0
1629730238.4013212,1016.0,992.0
1629730239.6138563,1005.0,990.0
1629730240.8266075,1018.0,992.0
1629730242.0421705,1010.0,1002.0
1629730243.253477,1007.0,992.0
1629730244.4660442,1007.0,990.0
1629730245.6793404,1019.0,993.0
1629730246.8926787,1019.0,993.0
1629730248.1060793,1019.0,993.0
1629730249.3187964,1010.0,999.0
1629730250.5339787,1006.0,993.0
1629730251.747443,1010.0,1001.0
1629730252.9612327,1016.0,992.0
1629730254.1742346,1010.0,992.0
1629730255.3871288,1008.0,1003.0
1629730256.6008434,1007.0,990.0
1629730257.8136587,1019.0,993.0
1629730259.0265927,1009.0,1002.0
1629730260.2392037,1018.0,992.0
1629730261.4532344,1007.0,990.0
1629730262.6659646,1006.0,995.0
1629730263.8786035,1006.0,993.0
1629730265.0956838,1008.0,1003.0
1629730266.3079774,1018.0,992.0
1629730267.5209036,1005.0,990.0
1629730268.734026,1019.0,993.0
1629730269.946683,1008.0,992.0
1629730271.1608589,1008.0,995.0
1629730272.3732357,1008.0,995.0
1629730273.5862837,1018.0,992.0
1629730274.8001804,1006.0,993.0
1629730276.0128756,1006.0,992.0
1629730277.2256086,1008.0,995.0
1629730278.4386237,1006.0,993.0
1629730279.6529088,1008.0,992.0
1629730280.8648703,1019.0,993.0
1629730282.0775986,1010.0,995.0
1629730283.2947116,1005.0,990.0
1629730284.507578,1009.0,1000.0
1629730285.7200327,1019.0,992.0
1629730286.93304,1005.0,990.0
1629730288.1456199,1007.0,994.0
1629730289.3595157,1007.0,990.0
1629730290.5721326,1005.0,990.0
1629730291.7865825,1009.0,1008.0
1629730293.0017319,1009.0,1002.0
1629730294.2124507,1019.0,993.0
1629730295.4245617,1019.0,993.0
1629730296.6412365,1009.0,1002.0
1629730297.854117,1018.0,992.0
1629730299.0669327,1007.0,994.0
1629730300.2805085,1009.0,1002.0
1629730301.4929132,1005.0,990.0
1629730302.707149,1009.0,1008.0
1629730303.920005,1005.0,990.0
1629730305.132514,1007.0,990.0
1629730306.3462727,1019.0,992.0
1629730307.5589926,1006.0,993.0
1629730308.77212,1017.0,993.0
1629730309.984703,1019.0,993.0
1629730311.199391,1019.0,992.0
1629730312.4113078,1007.0,990.0
1629730313.626448,1009.0,994.0
1629730314.839409,1017.0,993.0
1629730316.0541794,1009.0,1003.0
1629730317.2665362,1007.0,994.0
1629730318.4794815,1010.0,992.0
1629730319.6919522,1019.0,993.0
1629730320.906213,1019.0,993.0
1629730322.118757,1005.0,991.0
1629730323.3314571,1007.0,990.0
1629730324.5453687,1019.0,993.0
1629730325.7578459,1006.0,993.0
1629730326.973519,1009.0,1000.0
1629730328.183649,1019.0,993.0
1629730329.4008794,1010.0,992.0
1629730330.6133502,1008.0,992.0
1629730331.8265965,1009.0,1003.0
1629730333.03978,1009.0,1003.0
1629730334.2520728,1006.0,993.0
1629730335.4661844,1009.0,1003.0
1629730336.6792865,1009.0,1003.0
1629730337.8920045,1005.0,990.0
1629730339.1084578,1010.0,1002.0
1629730340.3212278,1010.0,992.0
1629730341.534,1005.0,990.0
1629730342.7475162,1009.0,1008.0
1629730343.9605665,1006.0,995.0
1629730345.1734316,1009.0,1000.0
1629730346.386858,1005.0,990.0
1629730347.6000323,1019.0,993.0
1629730348.8127525,1019.0,993.0
1629730350.0263886,1019.0,993.0
1629730351.2391508,1010.0,992.0
1629730352.4520922,1019.0,992.0
1629730353.6659045,1018.0,992.0
1629730354.881529,1009.0,1003.0
1629730356.0945973,1009.0,1003.0
1629730357.3069751,1005.0,990.0
1629730358.5204577,1016.0,992.0
1629730359.7342072,1019.0,993.0
1629730360.9468343,1006.0,993.0
1629730362.1594844,1016.0,992.0
1629730363.3804555,1019.0,992.0
1629730364.586286,1018.0,992.0
1629730365.7992542,1009.0,1003.0
1629730367.0148668,1008.0,1002.0
1629730368.2248514,1019.0,993.0
1629730369.4387462,1006.0,992.0
1629730370.654543,1009.0,1000.0
1629730371.8669777,1019.0,993.0
1629730373.08043,1019.0,993.0
1629730374.2944207,1019.0,993.0
1629730375.5068216,1019.0,993.0
1629730376.7194037,1008.0,995.0
1629730377.9334223,1019.0,993.0
1629730379.1466637,1009.0,1002.0
1629730380.3590856,1005.0,990.0
1629730381.57231,1005.0,990.0
1629730382.7859075,1019.0,993.0
1629730383.9989026,1019.0,993.0
1629730385.2117758,1008.0,995.0
1629730386.4276953,1006.0,995.0
1629730387.641219,1010.0,1001.0
1629730388.8534918,1005.0,990.0
1629730390.066813,1019.0,993.0
1629730391.279447,1019.0,993.0
1629730392.4931707,1006.0,993.0
1629730393.7057095,1019.0,993.0
1629730394.9189079,1005.0,991.0
1629730396.1327345,1010.0,999.0
1629730397.3452475,1010.0,992.0
1629730398.5580096,1005.0,990.0
1629730399.7748976,1009.0,1008.0
1629730400.9877777,1009.0,1003.0
1629730402.200843,1019.0,992.0
1629730403.4134352,1017.0,993.0
1629730404.6263862,1009.0,994.0
1629730405.8398497,1009.0,1003.0
1629730407.0540266,1009.0,1003.0
1629730408.2668176,1008.0,995.0
1629730409.480229,1017.0,993.0
1629730410.6926818,1009.0,1003.0
1629730411.9090478,1009.0,1002.0
1629730413.1190312,1019.0,993.0
1629730414.3342519,1007.0,990.0
1629730415.547595,1009.0,1003.0
1629730416.7608223,1009.0,1003.0
1629730417.9748402,1009.0,1003.0
1629730419.187782,1009.0,1000.0
1629730420.4005804,1010.0,1003.0
1629730421.6133184,1005.0,990.0
1629730422.827192,1007.0,990.0
1629730424.0397491,1005.0,990.0
1629730425.2550454,1007.0,990.0
1629730426.4693701,1005.0,990.0
1629730427.6826096,1009.0,1003.0
1629730428.8952835,1008.0,993.0
1629730430.1077876,1007.0,990.0
1629730431.3231928,1005.0,990.0
1629730432.5349755,1009.0,1000.0
1629730433.7476685,1009.0,1008.0
1629730434.9642375,1009.0,1008.0
1629730436.1770747,1009.0,1008.0
1629730437.3900077,1008.0,993.0
1629730438.6029708,1008.0,995.0
1629730439.8156102,1010.0,992.0
1629730441.028045,1019.0,993.0
1629730442.2417355,1006.0,993.0
1629730443.455609,1008.0,995.0
1629730444.6686742,1009.0,1000.0
1629730445.8812604,1010.0,992.0
1629730447.095359,1009.0,1003.0
1629730448.3078892,1008.0,995.0
1629730449.5208013,1005.0,990.0
1629730450.7344327,1008.0,995.0
1629730451.9500394,1009.0,1000.0
1629730453.1628022,1010.0,992.0
1629730454.3755484,1007.0,990.0
1629730455.5890548,1010.0,992.0
1629730456.8028283,1006.0,993.0
1629730458.0155106,1007.0,990.0
1629730459.2282095,1007.0,990.0
1629730460.4423943,1009.0,1008.0
1629730461.6552474,1009.0,1003.0
1629730462.8677714,1008.0,992.0
1629730464.0807664,1019.0,993.0
1629730465.2948313,1019.0,993.0
1629730466.5075705,1019.0,993.0
1629730467.7224283,1010.0,992.0
1629730468.9351125,1017.0,993.0
1629730470.1492991,1008.0,992.0
1629730471.3627946,1009.0,1000.0
1629730472.5753827,1006.0,992.0
1629730473.7880979,1010.0,992.0
1629730475.0024648,1009.0,1008.0
1629730476.2149055,1005.0,990.0
1629730477.4274385,1005.0,990.0
1629730478.6418703,1019.0,993.0
1629730479.8546674,1010.0,992.0
1629730481.0671475,1006.0,992.0
1629730482.2801366,1008.0,995.0
1629730483.4970288,1010.0,1001.0
1629730484.709963,1008.0,1003.0
1629730485.9225569,1009.0,992.0
1629730487.135126,1019.0,993.0
1629730488.3491867,1005.0,990.0
1629730489.5618868,1018.0,992.0
1629730490.7747278,1005.0,991.0
1629730491.9886694,1007.0,990.0
1629730493.2013965,1016.0,992.0
1629730494.4139135,1016.0,992.0
1629730495.629584,1009.0,1003.0
1629730496.839881,1007.0,990.0
1629730498.056392,1010.0,992.0
1629730499.2694411,1007.0,990.0
1629730500.4828584,1009.0,1003.0
1629730501.6956024,1007.0,994.0
1629730502.908825,1009.0,1003.0
1629730504.1221452,1006.0,993.0
1629730505.3351696,1016.0,993.0
1629730506.5480907,1019.0,993.0
1629730507.7627177,1009.0,1003.0
1629730508.9780061,1009.0,1003.0
1629730510.1901705,1019.0,993.0
1629730511.4023616,1019.0,993.0
1629730512.6167934,1009.0,1002.0
1629730513.8276336,1006.0,993.0
1629730515.0426698,1019.0,993.0
1629730516.2552257,1008.0,995.0
1629730517.4691725,1005.0,990.0
1629730518.6821518,1007.0,990.0
1629730519.8946576,1007.0,990.0
1629730521.1085432,1019.0,993.0
1629730522.3214035,1019.0,992.0
1629730523.5337284,1005.0,990.0
1629730524.747776,1019.0,993.0
1629730525.9607182,1008.0,992.0
1629730527.1760955,1009.0,1003.0
1629730528.3889425,1016.0,992.0
1629730529.6019197,1005.0,990.0
1629730530.8146868,1010.0,999.0
1629730532.0289955,1015.0,992.0
1629730533.242316,1005.0,991.0
1629730534.454894,1019.0,992.0
1629730535.6676342,1009.0,1003.0
1629730536.8816175,1019.0,993.0
1629730538.0942078,1010.0,999.0
1629730539.3068178,1007.0,990.0
1629730540.52372,1009.0,1003.0
1629730541.7339387,1005.0,990.0
1629730542.9464526,1010.0,995.0
1629730544.161955,1008.0,995.0
1629730545.3753867,1009.0,1003.0
1629730546.5891042,1007.0,990.0
1629730547.8023875,1008.0,992.0
1629730549.0154057,1009.0,1000.0
1629730550.2277324,1010.0,992.0
1629730551.4424376,1009.0,1008.0
1629730552.6545393,1008.0,992.0
1629730553.8673732,1019.0,993.0
1629730555.0803626,1010.0,992.0
1629730556.2946906,1008.0,992.0
1629730557.5095756,1009.0,1003.0
1629730558.7222397,1005.0,990.0
1629730559.9351966,1019.0,993.0
1629730561.1479268,1019.0,993.0
1629730562.3616662,1019.0,993.0
1629730563.5753238,1010.0,992.0
1629730564.78802,1016.0,992.0
1629730566.0010552,1006.0,993.0
1629730567.2150888,1009.0,1003.0
1629730568.4274058,1007.0,990.0
1629730569.6400878,1010.0,992.0
1629730570.8542435,1010.0,992.0
1629730572.0668137,1019.0,993.0
1629730573.2794585,1009.0,993.0
1629730574.4932673,1005.0,990.0
1629730575.7088187,1019.0,993.0
1629730576.9215956,1010.0,992.0
1629730578.1343508,1006.0,993.0
1629730579.3473883,1016.0,992.0
1629730580.5611587,1010.0,1000.0
1629730581.7752542,1009.0,1003.0
1629730582.9878604,1009.0,1008.0
1629730584.2004423,1009.0,1000.0
1629730585.414312,1005.0,990.0
1629730586.6270142,1019.0,993.0
1629730587.8399081,1019.0,993.0
1629730589.056302,1007.0,990.0
1629730590.2691302,1019.0,993.0
1629730591.481959,1019.0,993.0
1629730592.6953619,1009.0,1002.0
1629730593.9079158,1019.0,993.0
1629730595.1206996,1005.0,990.0
1629730596.3347855,1019.0,993.0
1629730597.5474024,1019.0,993.0
1629730598.7604268,1010.0,1000.0
1629730599.9742093,1007.0,990.0
1629730601.1868093,1010.0,992.0
1629730602.4022436,1009.0,1002.0
1629730603.6162703,1018.0,993.0
1629730604.8293047,1007.0,990.0
1629730606.0421479,1019.0,993.0
1629730607.255644,1009.0,1003.0
1629730608.46813,1016.0,992.0
1629730609.6809251,1005.0,990.0
1629730610.8946748,1006.0,993.0
1629730612.10774,1007.0,990.0
1629730613.320555,1005.0,990.0
1629730614.5330691,1008.0,995.0
1629730615.747326,1009.0,1002.0
1629730616.9626493,1009.0,1003.0
1629730618.1759825,1009.0,1003.0
1629730619.3885345,1005.0,990.0
1629730620.601876,1019.0,993.0
1629730621.8157234,1010.0,992.0
1629730623.0282235,1010.0,992.0
1629730624.2413027,1010.0,1002.0
1629730625.4551003,1007.0,990.0
1629730626.6680734,1010.0,1001.0
1629730627.8808718,1010.0,992.0
1629730629.0935106,1019.0,993.0
1629730630.3073952,1010.0,992.0
1629730631.5227885,1009.0,1003.0
1629730632.736108,1009.0,1008.0
1629730633.9492095,1005.0,991.0
1629730635.1626568,1019.0,993.0
1629730636.3760703,1007.0,990.0
1629730637.5883808,1009.0,1002.0
1629730638.8026807,1009.0,1003.0
1629730640.0178611,1009.0,1003.0
1629730641.2279787,1016.0,992.0
1629730642.4408891,1010.0,992.0
1629730643.6579082,1009.0,1003.0
1629730644.870189,1016.0,992.0
1629730646.0829933,1019.0,993.0
1629730647.2967227,1006.0,995.0
1629730648.5103362,1005.0,991.0
1629730649.7231965,1009.0,1003.0
1629730650.9358964,1007.0,990.0
1629730652.1484644,1005.0,994.0
1629730653.3623521,1019.0,993.0
1629730654.5778654,1009.0,1003.0
1629730655.7879362,1019.0,993.0
1629730657.0009606,1010.0,992.0
1629730658.2180107,1010.0,1000.0
1629730659.4303775,1005.0,990.0
1629730660.6431894,1019.0,993.0
1629730661.856631,1009.0,1003.0
1629730663.0707438,1009.0,1002.0
1629730664.2832847,1007.0,992.0
1629730665.4957998,1019.0,993.0
1629730666.7085478,1007.0,990.0
1629730667.9227586,1007.0,990.0
1629730669.1352935,1005.0,990.0
1629730670.3477554,1015.0,992.0
1629730671.5618641,1008.0,995.0
1629730672.7771156,1010.0,992.0
1629730673.9899647,1018.0,992.0
1629730675.203337,1009.0,1008.0
1629730676.4171429,1007.0,991.0
1629730677.6298788,1010.0,992.0
1629730678.8428388,1009.0,1003.0
1629730680.055937,1009.0,1003.0
1629730681.2697098,1019.0,993.0
1629730682.4855053,1009.0,1003.0
1629730683.6956182,1018.0,993.0
1629730684.90842,1010.0,992.0
1629730686.124887,1006.0,992.0
1629730687.337733,1010.0,992.0
1629730688.5506804,1018.0,992.0
1629730689.7634146,1007.0,990.0
1629730690.9771059,1009.0,1000.0
1629730692.1897552,1009.0,1003.0
1629730693.4035676,1019.0,993.0
1629730694.6163118,1008.0,993.0
